2890 4774
245 453 321 530 404
684 477 899 530 Δνεενοιι.
1221 453 1319 547 [σεε.

253 628 346 709 λικάς
373 623 541 715 άριστελας
566 635 775 712 περικρατεῖν.
820 626 868 697 Τό
895 629 929 697 δέ
955 653 993 714 γε
1018 627 1198 716 παρεστός,
1227 633 1260 696 ελ
1287 625 1328 696 δν

258 743 327 830 ἔχοι
348 733 456 826 ῥήτωρ
478 729 538 816 τὴν
556 735 707 825 γραφόδα
722 740 781 823 μὲν
798 730 865 806 όσσ
882 741 938 806 καὶ
953 739 1065 824 βέλος,
1086 739 1141 803 καλ
1160 737 1334 828 ιγαρμάξας

259 852 394 939 μέλανι,
434 843 490 910 καὶ
522 850 592 920 τοῖς
623 842 810 934 βαρβάροις
836 847 1011 940 ἐπαφιέναι
1038 844 1248 933 καραδοκῶν,
1280 848 1333 912 καὶ

258 953 400 1046 βάπτειν
419 945 464 1028 εἰς
483 945 628 1036 αἵματα,
651 942 721 1020 εἶτα
742 953 779 1021 δὲ
798 955 929 1038 βλέπον
951 951 1092 1030 λκείνονς
1111 949 1218 1038 ἡρέμα
1234 951 1334 1035 πτήσ-

240 1087 401 1158 σοντος,
432 1061 487 1126 καλ
513 1053 554 1126 οὐ
578 1063 866 1146 προκαλουμένους
885 1061 925 1128 τό
943 1056 1156 1148 βάλλεσθαις
1182 1047 1237 1130 Ἦ
1253 1059 1334 1128 πάν-

261 1197 327 1250 τας
354 1163 477 1254 άγάγοι
504 1161 547 1235 άν
577 1165 634 1235 διὰ
662 1167 842 1254 θαύματος
867 1165 929 1250 τὴν
949 1167 1120 1253 βασιλικὴν
1143 1169 1331 1254 ἰνανδρὶαι,

263 1277 311 1350 δι’
336 1267 376 1366 ἧς
402 1275 509 1343 ταῦτα
535 1280 675 1360 ἐγένετο·
707 1272 753 1346 δι’
778 1270 820 1360 ἣν
846 1273 955 1358 σκάζει
980 1282 1043 1362 μὲν
1071 1279 1141 1354 τοῖς
1169 1279 1333 1363 πολεμίοις

260 1385 390 1479 μηχανὴ
412 1385 507 1454 πάσα
521 1369 572 1462 ἐἰς
592 1380 777 1473 άπρακταν,
807 1383 847 1452 οὐ
873 1381 980 1452 πολλά
1005 1386 1041 1456 δλ
1064 1379 1181 1469 κάμνει
1203 1381 1279 1452 οὐδὲ
1298 1407 1334 1454 τσ

261 1486 436 1626 βασιλικρν
466 1491 600 1569 ἐκείνοις
629 1487 945 1579 άντιπαλαμιόμενον
975 1487 1180 1578 στράτευμα,
1218 1499 1275 1562 καλ
1299 1491 1335 1564 τό

261 1601 437 1694 ῥητορικόν
457 1603 492 1668 δὲ
513 1599 570 1670 διά
589 1603 696 1670 ταῦτα
716 1613 894 1695 γραφεῖον,
913 1595 953 1668 τό
968 1623 1006 1686 γε
1026 1623 1071 1678 εις
1092 1595 1274 1738 ἐκείνους
1251 1625 1337 1686 ηιον,

260 1715 388 1800 ναρκοῖ.

341 1818 374 1888 4.
403 1805 645 1903 Ωβασιλικῇς
668 1816 928 1905 κραταιότητσς,
956 1813 1001 1884 δι’
1029 1804 1072 1902 ἧς
1094 1809 1173 1902 ημῖν
1200 1810 1335 1904 άγαθόν

218 2015 220 2022 Ι
259 1931 545 2013 καταπέπρακται.
575 1912 622 1992 Ὦ
642 1926 859 2012 παγγόληνον
878 1925 938 2014 ἔαρ
957 1927 1142 2010 βασιλείας,
1170 1925 1209 1992 ἐν
1229 1916 1256 2010 ᾧ
1274 1927 1336 1994 πάν

262 2031 402 2124 άγαθδν
422 2033 606 2122 ἐξήνθησεν
629 2031 795 2122 κάρπιμον
814 2032 871 2120 (τό
891 2034 927 2115 ἐξ
946 2027 1067 2123 άλρων·
1088 2027 1126 2100 τὸ
1147 2034 1183 2100 ἰν
1203 2033 1337 2101 θαλάσ-

263 2161 340 2227 σης·
368 2139 411 2210 τά
433 2151 468 2212 λκ
489 2149 567 2228 γῆς·
597 2147 653 2212 καλ
674 2138 712 2211 τό
732 2139 811 2212 ὅλον
830 2139 929 2213 εἰπεῖν
948 2143 992 2213 τά
1012 2141 1220 2231 πάντοθεν),
1248 2137 1336 2214 καλό

147 2285 152 2310 ι
260 2249 486 2340 παμβασιλιός
503 2250 631 2334 Ἰησοῦς
651 2249 738 2320 κατά
760 2253 819 2320 τοῦ
839 2257 1049 2340 παλαμναίου
1069 2250 1205 2321 αἰωνίαν
1227 2247 1337 2322 θανά·

260 2363 322 2428 τόν
340 2357 379 2428 τό
399 2353 559 2444 πάμμεγα
579 2357 740 2447 τρόπαιον
760 2359 885 2442 ἔστησε.
923 2361 978 2428 Σὲ
999 2365 1052 2443 δὲ,
1074 2352 1099 2428 ὦ
1119 2361 1222 2450 σῶτερ
1243 2365 1335 2447 βασι-

259 2465 572 2556 λεῦ,·θαρ’ῥούντιος
592 2465 636 2536 δν
656 2469 778 2555 εἴποιμι
800 2464 1012 2537 ὁπλίσασθαι
1031 2464 1118 2535 κατά
1139 2469 1200 2536 τοῦ
1221 2473 1335 2558 βροτο·

239 2575 376 2660 ’λοιγοῦ
393 2578 553 2662 πολέμου,
574 2579 629 2644 καὶ
649 2572 687 2644 τὸ
706 2573 904 2661 θανάσιμον
924 2577 1022 2644 τοῦτο
1042 2576 1146 2646 κακόν
1166 2574 1258 2646 κάτω
1277 2581 1335 2664 βα·
1408 2577 1409 2600 ³

260 2685 339 2750 λιῖι.
384 2685 454 2750 Καὶ
474 2685 534 2752 νῦν
552 2682 593 2752 τό
613 2679 761 2766 ὑπήκοον
780 2682 873 2752 άπαν
893 2679 1012 2766 εόζιιεῖ,
1040 2687 1098 2753 καὶ
1118 2682 1335 2775 κατακροάνιι

260 2791 322 2859 τοῦ
347 2791 494 2877 πολέμου
500 2842 510 2874 ,
539 2789 592 2859 ότι
612 2795 669 2862 καλ
689 2797 755 2860 τῶν
773 2792 952 2878 πολεμίων,
984 2795 1040 2860 καλ
1061 2797 1230 2882 ιλρηναῖον
1249 2816 1334 2880 σκιρ·

260 2899 318 2991 τᾷ.
363 2899 469 2966 Kaz‘
448 2927 469 2986 η
490 2903 552 2986 μὲν
571 2895 672 2991 φύσις
692 2893 771 2987 ότιρ
788 2895 932 2986 όγλον”
909 2923 1001 2985 αγει
997 2904 1052 2968 καὶ
1069 2905 1267 2992 τελεσφορει,
1285 2901 1334 2967 καλ

261 3005 299 3074 τό
324 3007 393 3074 πᾶν
419 3002 597 3088 αὐξάνεται
618 3011 680 3076 καλ
708 3003 926 3090 πληθύνεται.
973 3003 1012 3075 ‘0
1039 3011 1082 3076 δὲ
1101 3009 1209 3090 τοῦζ
1189 3009 1248 3102 ζῆν
1275 3033 1333 3077 πα·

264 3109 444 3203 ρατριόγιον
471 3114 613 3204 πόλεμος
639 3113 697 3184 οὐκ
724 3107 860 3194 ἐντός
843 3113 953 3202 οργῆς
969 3121 1073 3200 μένει,
1104 3109 1191 3197 ἀλλ’,
1223 3118 1257 3184 εἴ
1275 3135 1333 3183 πον

263 3222 359 3289 καλ”
342 3242 430 3289 εστιν
449 3218 563 3310 εἰπεῖν,
585 3224 834 3306 λξωκεανόζεται,
856 3234 929 3300 ταῖς
946 3223 1112 3310 Ἀρποιάις
1133 3226 1263 3304 δοθεὶς,
1282 3222 1333 3289 καὶ

262 3325 323 3395 οὐκ
350 3327 399 3397 ἔτι
423 3327 482 3397 τόν
507 3331 566 3416 τῆς
596 3331 726 3422 φύσεως·
747 3329 827 3417 ῥοῦν
854 3328 1055 3400 ἀνακόπτειν
1080 3333 1329 3418 παρεμπίπτων,

262 3429 362 3506 ὁποῖά
383 3461 434 3516 τις
456 3437 555 3517 λίθος
575 3438 696 3529 τραχὺς
719 3443 775 3510 καὶ
794 3436 986 3516 άτίνακτος·
1021 3433 1107 3506 άλλά
1128 3439 1333 3528 παραρόσοε·

261 3568 335 3627 ται,
374 3550 503 3633 μᾶλλον
528 3554 589 3632 μὲν
620 3541 678 3618 οὖν
712 3537 763 3614 ἐπ’
779 3551 889 3634 μέσον·
908 3547 1068 3633 πελάγους
1097 3544 1331 3637 παρασύρεται.

260 3648 369 3738 Ἀργοῖ
390 3649 428 3719 τό
452 3654 632 3725 Σκυθικόν
657 3654 769 3740 τόξον,
796 3660 851 3724 καὶ
875 3651 896 3738 ἡ
920 3656 1018 3743 νεαροὶ
1045 3653 1090 3736 εἰς
1115 3653 1211 3724 κενόν
1236 3675 1330 3721 εεινο·

260 3767 342 3847 μόνη
374 3768 502 3845 κτυπεῖ,
548 3770 604 3831 καλ
637 3755 721 3852 πρὸς
754 3762 860 3850 μόνην
875 3809 879 3820 -
894 3760 1080 3852 άπόιιειραν
1113 3763 1330 3853 ῥνθμιζομέλη

261 3865 455 3951 (notbm'qc'⁸
434 3894 477 3937 αν
498 3874 596 3952 εἴποι)
618 3868 758 3960 χελιδόνι
778 3873 884 3938 ἴκελον
905 3877 1102 4001 φθεγγεται.
1150 3867 1210 3948 Εις
1231 3865 1329 3952 άγαλ·

230 3997 232 4004 ·
259 4001 309 4059 μα
330 3982 387 4044 καλ
404 3975 509 4065 μόνον
530 4003 598 4058 τοις
614 3974 790 4056 ’[ταλοΐς’
775 4001 874 4056 ιππσς
894 3979 1135 4069 φριμάσσεται,
1156 3976 1237 4064 πρὸς
1255 3997 1331 4058 γνμ·
1403 4005 1404 4059 ι

260 4084 380 4151 ναοίαν
409 4066 669 4177 ιγαντάζόμενος.
710 4083 756 4154 Εἰ
779 4089 815 4154 δὲ
843 4111 906 4156 κατ
944 4082 1092 4172 άλληλιον
1118 4092 1232 4157 λκεινοι
1254 4103 1329 4173 προς
