2890 4774
54 428 59 441 '
260 415 338 492 428
681 436 901 496 εευτυυιτε.
1236 409 1331 501 [ειν.
1352 463 1354 470 -

263 586 460 676 ἁπανταχοῦ
485 590 595 670 λαοῖς,
625 581 674 666 οἷς
699 588 785 656 θεοῦ
812 585 1006 672 ίγνείρισται
1037 583 1190 674 δύναμις·
1220 583 1254 654 οἳ
1277 593 1331 672 τῆς

261 699 322 765 τοῦ
350 695 463 783 μα’ννα
488 693 607 764 τοῦτον
632 699 757 782 βροχὴς
784 687 857 764 όλοι
877 693 1048 779 γεγόνασι,
1080 701 1136 765 καί
1157 690 1331 782 δραμόντες

260 802 359 881 ἀλλος
387 802 535 872 ἀλλοθιν
555 804 650 890 ἔργον
673 805 792 871 ἔθεντο
815 801 875 885 τὴν
896 800 1014 870 τοῦτου
1036 801 1251 891 συιαγωγὴν,
1282 803 1331 869 καί

260 915 463 994 διαδοθῆναι
485 910 522 980 τό
544 912 645 980 καλὸν
665 909 936 1000 ἐπρεσβεύσαντο.
985 906 1182 980 Κάυτεῦθεν
1209 906 1251 982 οῦ
1274 905 1330 997 ’μό-

258 1045 318 1090 νον
340 1017 381 1097 ῶς
400 1023 445 1098 εἴς
466 1045 540 1086 τινα
562 1009 710 1104 στάμνον
732 1024 785 1086 καί
806 1009 962 1106 κιβωτὸν,
990 1017 1051 1101 τὴν
1072 1021 1189 1088 ἑαυτοῦ
1209 1018 1329 1114 ψυχὴν,
1403 1071 1404 1074 ¹

259 1132 397 1210 ἕκαστος
415 1123 496 1195 αὐτὸ
511 1130 727 1210 ίναπὲθεντσ,
749 1123 835 1196 ἀλλά
854 1131 910 1194 καλ
929 1123 1090 1206 ἀλλωςιίς
1102 1126 1330 1214 μυημοσόυους

259 1240 395 1323 βίβλους
422 1239 628 1328 ἐνέγραψαν·
667 1243 722 1304 ίυα
750 1233 795 1321 μὴ
823 1232 927 1322 μόνον
953 1235 1121 1322 Σολομῶν
1151 1239 1205 1304 inl
1233 1233 1332 1326 σοφίᾳ

261 1342 492 1434 πρεσβεῦοιτο,
524 1342 608 1412 ἀλλά
630 1350 685 1414 καί
707 1339 725 1412 ὁ
747 1339 903 1432 ἡνίτερος
922 1339 1092 1429 βασιλεῦς·
1124 1348 1181 1412 καὶ
1203 1346 1235 1412 ολ
1255 1337 1332 1409 τιατά

259 1455 324 1522 τῶν
356 1453 438 1538 πρὸς
466 1455 632 1534 αἴσθησιν
669 1454 802 1538 ἐχθρῶν
836 1447 917 1540 παρ’
948 1451 1051 1520 αὐτοῦ
1084 1448 1332 1539 κραταιοῦμενοι
1403 1539 1404 1544 ¹

262 1559 391 1649 ἔχοιμεν
412 1555 459 1628 δι’
481 1558 582 1630 αὐτοῦ
603 1557 765 1628 καὶκατὰ
786 1566 849 1625 τῶν
870 1555 1027 1648 ἀσάρκων
1047 1556 1272 1650 ἀνδρίζεσθαι.
1403 1553 1404 1612 ί

345 1669 397 1736 33.
438 1671 506 1737 Καὶ
535 1675 672 1738 τοιαῦτα
699 1673 761 1752 μέν
786 1695 845 1753 μοι
877 1671 917 1739 τό
950 1668 1023 1738 τότε
1049 1666 1116 1738 καί
1133 1665 1221 1736 ἀλλα
1245 1657 1331 1758 οἶμαι

182 1804 190 1818 ‘
259 1774 344 1864 πρὸς
369 1775 642 1874 γλαφυρότατον,
673 1774 729 1844 ἰ’να
758 1777 803 1866 μὴ
832 1777 936 1846 ταυτά
963 1782 1019 1844 καί
1039 1778 1098 1844 νῦν
1119 1777 1332 1852 ἀναπλοῦνττς

260 1883 322 1967 τὴν
342 1885 421 1974 παρ’
439 1884 583 1973 Ἡσιόδῳ
605 1887 799 1973 ἐπισπορίαν
819 1884 927 1973 ὥσπερ
947 1887 1239 1971 ἐπεγκληθείημεν.
1264 1884 1330 1953 Νῦν

261 1997 296 2060 δὲ
317 1993 376 2062 τὸν
395 1993 635 2082 κατηγητὴριον
653 1997 776 2060 ἐκεῖνον
796 1992 858 2078 ι’γῶ
879 1998 934 2060 καί
954 1988 996 2072 ὡς
1017 1989 1061 2072 εἷς
1082 1996 1211 2086 τρυφῆς
1231 1987 1330 2082 παρά·

210 2175 214 2180 ,
262 2099 371 2174 δεισοῦ
391 2108 545 2190 τίθεμαι,
566 2106 601 2172 έν
621 2093 648 2190 ᾧ
670 2106 820 2170 τέθειται
840 2108 901 2189 μίν
919 2106 975 2170 καὶ
994 2106 1032 2170 τὸ
1049 2099 1102 2170 ἐπ’
1120 2102 1243 2191 ἀρετὴν
1258 2125 1329 2188 προ-

259 2215 380 2299 τρέπον
407 2209 568 2297 ἀνδρῶδες
596 2218 651 2282 καὶ
679 2207 876 2299 πρακτικὸν,
910 2205 954 2278 δι’
974 2200 1016 2278 ὀῦ
1042 2207 1088 2290 εἰς
1114 2211 1173 2281 τόν
1195 2205 1330 2300 πρὸτῆς

260 2315 427 2406 ἁμαρτίας
446 2322 521 2403 βίον
542 2312 792 2406 ἀναδράμοτμτν
812 2315 855 2388 ἀν
877 2317 936 2386 τόν
951 2314 1162 2406 Ἀδαμιαῖον,
1200 2319 1258 2390 τόν
1277 2319 1328 2402 τῆς·

259 2417 388 2514 πρώτης
410 2423 574 2505 πλάσεως·
603 2433 754 2495 τέθειται
775 2431 809 2495 δὲ
830 2432 884 2495 καὶ
907 2426 987 2496 ὅσον
1009 2435 1042 2494 ἐν
1062 2429 1177 2514 ιόζωΐα
1198 2421 1328 2522 φιλοσό-

263 2560 330 2624 φου
353 2535 515 2621 θεωρίας·
545 2533 608 2618 ζωὴ
630 2532 782 2626 ἄντικρυς
803 2541 858 2604 καὶ
878 2535 987 2623 μὴτηρ
1010 2544 1078 2618 τοῖς
1100 2542 1135 2607 ἐν
1156 2543 1228 2632 θεῷ
1248 2540 1329 2620 ζῶσι,

259 2642 358 2712 τοῦτο
380 2642 419 2724 δὴ
442 2640 479 2711 τό
502 2649 559 2730 τῆς
579 2639 669 2722 Εῦας
690 2642 824 2731 σεμνόν·
852 2642 931 2736 όφτς
954 2649 988 2712 δὲ
1008 2642 1158 2734 οὐδαμοῦ
1177 2649 1328 2742 ψίθυροςί

260 2739 335 2814 οῦδὲ
354 2751 510 2833 συριγμός
533 2747 577 2828 εἰς
598 2749 750 2840 όλιθρον.
776 2751 860 2820 Ἀλλ’
882 2749 926 2832 εἰς
947 2745 986 2822 ’έν
1012 2747 1128 2838 ἥκουσι
1148 2756 1265 2845 πρᾶξις
1282 2751 1329 2820 καὶ

257 2857 397 2942 θεωρία,
419 2857 506 2941 [καί]
528 2857 725 2946 δυαζόμευαι
748 2864 834 2930 κατά
860 2864 920 2932 τοῦ
941 2857 1132 2944 ἀπατεῶνας
1153 2863 1328 2949 συμπνέων·

171 3061 174 3066 Ι
258 2985 307 3042 σι,
339 2967 394 3030 καί
419 2960 537 3054 ,πόρ’ῥω
565 2970 625 3036 τοῦ
656 2970 858 3055 παραδείσου
883 2969 1046 3057 βάλλουσι
1073 2971 1132 3040 τόν
1153 2971 1327 3059 ἐπίβουλον·
1403 3031 1404 3044 ,

254 3069 454 3140 Κάυτεῦθεν
475 3079 530 3140 καί
554 3075 573 3162 ἡ
600 3077 741 3170 φλογίνη
766 3081 920 3169 ῥομφαία
948 3077 1021 3148 κατ’
1044 3080 1183 3161 ἐκείνους
1206 3075 1323 3148 ἀκονᾶ-

255 3205 312 3245 ται
329 3179 577 3254 ’στιλπνότατον
610 3189 664 3252 καί
696 3189 859 3276 φλογερὸν
888 3191 942 3254 καί
970 3187 1168 3274 ἀπρόσιτον·
1197 3187 1274 3274 ἡμῖν
1292 3184 1322 3248 δὲ

254 3282 298 3364 Εἷς
324 3285 520 3376 εὐπρόσιτον
547 3295 725 3383 στρέφεται
750 3293 808 3376 τὴν
830 3302 864 3362 έν
886 3294 994 3379 λόγοις
1015 3294 1190 3384 βασιλικὴν
1214 3297 1323 3371 ἐκείνην
1403 3383 1404 3390 ἡ

252 3398 465 3466 πανδαισίαν.
514 3396 597 3484 Ἐγῶ
618 3404 672 3467 καί
692 3402 783 3488 ἡλίου
806 3400 971 3489 τράπεζαν
991 3409 1128 3493 θεωρῶ,
1159 3399 1231 3492 οὐχ’
1256 3394 1323 3468 οἵαν
1403 3491 1404 3494 ¹

251 3503 271 3590 ἡ
296 3509 352 3592 τῆς
380 3507 526 3596 ἱστορίας
553 3504 743 3608 ὀψαρτυσία
771 3516 1020 3598 παρατίθησιν,
1051 3508 1144 3600 ἡλίου
1169 3516 1227 3597 μίν
1251 3511 1324 3575 έπω·

251 3619 481 3702 νομασμένην,
508 3625 709 3704 σεσαγμένηυ
731 3622 766 3685 δέ
787 3616 942 3706 βρώμασι
964 3626 1035 3700 τοῖς
1053 3618 1135 3709 πρὸς
1156 3623 1321 3698 αἴσθησιν·

252 3719 338 3786 ἀλλά
373 3721 551 3809 τράπεζαν,
590 3722 631 3808 ἣν
660 3727 816 3812 βασιλεὺς
846 3726 939 3816 ἡλιος
966 3723 985 3794 ό
1012 3724 1167 3816 ἡμέτερος
1193 3731 1260 3804 τοῖς
1283 3717 1319 3788 τό
1372 3791 1377 3810 ¹

249 3830 451 3915 πνευματικά
478 3843 683 3920 σιτουμένοις
703 3841 927 3921 προτέθεικεν.
970 3838 1111 3923 Είδομεν
1130 3833 1222 3924 ἡμεῖς
1242 3854 1320 3914 τηνι·

248 3938 354 4003 ταῦτα
382 3936 668 4030 καὶὴκοῦσαμτν,
699 3943 783 4030 ἀπερ
805 3948 837 4012 οἱ
855 3942 920 4031 πρὸ
940 3944 1032 4032 ἡμῶν
1053 3953 1087 4015 ἐν
1106 3949 1214 4039 ἐφέσει
1234 3939 1318 4024 στρέ·
1403 3985 1404 4064 ἡ

227 4068 367 4133 ww&
397 4043 661 4132 εἰσεληλύθασιν.
711 4047 952 4140 Ἐβασίλευσεν,
980 4047 1088 4144 ὥσπερ
1113 4053 1132 4126 ὁ
1160 4040 1315 4138 αῦτοκρᾶ·
