<?xml version="1.0" encoding="UTF-8"?>
<!DOCTYPE html PUBLIC "-//W3C//DTD XHTML 1.0 Transitional//EN"
    "http://www.w3.org/TR/xhtml1/DTD/xhtml1-transitional.dtd">
<html xmlns="http://www.w3.org/1999/xhtml" xml:lang="en" lang="en">
 <head>
  <title>
</title>
<meta http-equiv="Content-Type" content="text/html;charset=utf-8" />
  <meta name='ocr-system' content='tesseract 3.04.00' />
  <meta name='ocr-capabilities' content='ocr_page ocr_carea ocr_par ocr_line ocrx_word'/>
</head>
<body>
  <div class='ocr_page' id='page_1' title='image "./dethessalonicae01tafegoog_0210.png"; bbox 0 0 2888 4776; ppageno 0'>
   <div class='ocr_carea' id='block_1_1' title="bbox 151 411 1225 504">
    <p class='ocr_par' dir='ltr' id='par_1_1' title="bbox 151 411 1225 504">
     <span class='ocr_line' id='line_1_1' title="bbox 151 411 1225 504; baseline 0.007 -26"><span class='ocrx_word' id='word_1_1' title='bbox 151 411 226 504; x_wconf 60' lang='lat' dir='ltr'><strong>vn]</strong></span> <span class='ocrx_word' id='word_1_2' title='bbox 577 433 796 484; x_wconf 81' lang='lat' dir='ltr'><strong>uruncners.</strong></span> <span class='ocrx_word' id='word_1_3' title='bbox 967 451 969 466; x_wconf 81' lang='lat'><em>=</em></span> <span class='ocrx_word' id='word_1_4' title='bbox 1086 429 1093 442; x_wconf 83' lang='grc'><strong><em>’</em></strong></span> <span class='ocrx_word' id='word_1_5' title='bbox 1132 471 1136 482; x_wconf 97' lang='grc'><strong>.</strong></span> <span class='ocrx_word' id='word_1_6' title='bbox 1178 412 1225 486; x_wconf 84' lang='lat' dir='ltr'><strong>&#39;ll</strong></span> 
     </span>
    </p>
   </div>
   <div class='ocr_carea' id='block_1_2' title="bbox 129 578 1257 1828">
    <p class='ocr_par' dir='ltr' id='par_1_2' title="bbox 136 578 1222 1198">
     <span class='ocr_line' id='line_1_2' title="bbox 146 578 1222 672; baseline -0.004 -18"><span class='ocrx_word' id='word_1_7' title='bbox 146 585 168 654; x_wconf 80' lang='lat' dir='ltr'><strong>ri</strong></span> <span class='ocrx_word' id='word_1_8' title='bbox 190 587 297 666; x_wconf 73' lang='grc' dir='ltr'>Λιιῆς</span> <span class='ocrx_word' id='word_1_9' title='bbox 318 584 388 650; x_wconf 81' lang='grc' dir='ltr'><strong>καὶ</strong></span> <span class='ocrx_word' id='word_1_10' title='bbox 404 578 565 664; x_wconf 69' lang='lat' dir='ltr'><strong>‘Partitur</strong></span> <span class='ocrx_word' id='word_1_11' title='bbox 585 583 790 672; x_wconf 80' lang='lat' dir='ltr'><strong>(spiscopus).</strong></span> <span class='ocrx_word' id='word_1_12' title='bbox 814 581 865 662; x_wconf 73' lang='lat'><strong>⁵⁹)</strong></span> <span class='ocrx_word' id='word_1_13' title='bbox 907 581 962 648; x_wconf 66' lang='lat' dir='ltr'><strong>Sus</strong></span> <span class='ocrx_word' id='word_1_14' title='bbox 981 583 1047 648; x_wconf 80' lang='lat' dir='ltr'><strong>Lite</strong></span> <span class='ocrx_word' id='word_1_15' title='bbox 1067 583 1131 650; x_wconf 80' lang='lat' dir='ltr'><strong>lere</strong></span> <span class='ocrx_word' id='word_1_16' title='bbox 1147 607 1222 650; x_wconf 80' lang='lat' dir='ltr'><strong>eva·</strong></span> 
     </span>
     <span class='ocr_line' id='line_1_3' title="bbox 144 685 1221 776; baseline -0.002 -18"><span class='ocrx_word' id='word_1_17' title='bbox 144 709 267 774; x_wconf 89' lang='lat' dir='ltr'><strong>nnerat;</strong></span> <span class='ocrx_word' id='word_1_18' title='bbox 311 715 405 776; x_wconf 87' lang='lat' dir='ltr'><strong>quare</strong></span> <span class='ocrx_word' id='word_1_19' title='bbox 445 689 635 775; x_wconf 86' lang='lat' dir='ltr'><strong>episcopatus</strong></span> <span class='ocrx_word' id='word_1_20' title='bbox 674 685 835 752; x_wconf 81' lang='lat' dir='ltr'><strong>Reatinum</strong></span> <span class='ocrx_word' id='word_1_21' title='bbox 870 687 1117 756; x_wconf 73' lang='lat' dir='ltr'><strong>transferebatur.</strong></span> <span class='ocrx_word' id='word_1_22' title='bbox 1170 690 1221 756; x_wconf 83' lang='lat' dir='ltr'><strong>Sis</strong></span> 
     </span>
     <span class='ocr_line' id='line_1_4' title="bbox 136 789 1219 884; baseline -0.004 -20"><span class='ocrx_word' id='word_1_23' title='bbox 136 800 258 882; x_wconf 78' lang='lat' dir='ltr'><strong>&#39;legitur</strong></span> <span class='ocrx_word' id='word_1_24' title='bbox 284 798 443 884; x_wconf 85' lang='lat' dir='ltr'><strong>episcopus</strong></span> <span class='ocrx_word' id='word_1_25' title='bbox 468 801 639 864; x_wconf 69' lang='grc' dir='ltr'>Φιλίππων</span> <span class='ocrx_word' id='word_1_26' title='bbox 660 799 723 859; x_wconf 80' lang='grc' dir='ltr'><strong>καὶ</strong></span> <span class='ocrx_word' id='word_1_27' title='bbox 747 789 884 877; x_wconf 70' lang='grc' dir='ltr'>Λράιιας</span> <span class='ocrx_word' id='word_1_28' title='bbox 911 793 953 876; x_wconf 83' lang='grc' dir='ltr'>(ι’.</span> <span class='ocrx_word' id='word_1_29' title='bbox 972 815 1000 858; x_wconf 84' lang='lat' dir='ltr'><strong>e.</strong></span> <span class='ocrx_word' id='word_1_30' title='bbox 1027 791 1122 860; x_wconf 70' lang='lat' dir='ltr'><strong>solius</strong></span> <span class='ocrx_word' id='word_1_31' title='bbox 1138 797 1219 862; x_wconf 77' lang='lat' dir='ltr'><strong>Dra·</strong></span> 
     </span>
     <span class='ocr_line' id='line_1_5' title="bbox 143 897 1221 988; baseline -0.006 -20"><span class='ocrx_word' id='word_1_32' title='bbox 143 911 247 982; x_wconf 84' lang='lat' dir='ltr'><strong>maa),</strong></span> <span class='ocrx_word' id='word_1_33' title='bbox 280 904 319 967; x_wconf 85' lang='lat' dir='ltr'><strong>de</strong></span> <span class='ocrx_word' id='word_1_34' title='bbox 347 925 407 988; x_wconf 88' lang='lat' dir='ltr'><strong>quo</strong></span> <span class='ocrx_word' id='word_1_35' title='bbox 434 903 585 969; x_wconf 81' lang='lat' dir='ltr'><strong>ridendus</strong></span> <span class='ocrx_word' id='word_1_36' title='bbox 606 897 1221 984; x_wconf 83' lang='lat' dir='ltr'><strong>llliolraelLequisn&#39;1n0rientaulrrist.</strong></span> 
     </span>
     <span class='ocr_line' id='line_1_6' title="bbox 143 1003 1219 1093; baseline -0.004 -21"><span class='ocrx_word' id='word_1_37' title='bbox 143 1010 221 1073; x_wconf 87' lang='lat' dir='ltr'><strong>Vol.</strong></span> <span class='ocrx_word' id='word_1_38' title='bbox 234 1011 276 1072; x_wconf 88' lang='lat' dir='ltr'><strong>ll.-</strong></span> <span class='ocrx_word' id='word_1_39' title='bbox 298 1029 330 1093; x_wconf 92' lang='lat' dir='ltr'><strong>p.</strong></span> <span class='ocrx_word' id='word_1_40' title='bbox 348 1008 401 1073; x_wconf 75' lang='lat'><strong>69.</strong></span> <span class='ocrx_word' id='word_1_41' title='bbox 421 1011 474 1073; x_wconf 89' lang='lat'><strong>70.</strong></span> <span class='ocrx_word' id='word_1_42' title='bbox 514 1005 589 1074; x_wconf 83' lang='lat' dir='ltr'><strong>Alia</strong></span> <span class='ocrx_word' id='word_1_43' title='bbox 609 1005 748 1092; x_wconf 84' lang='lat' dir='ltr'><strong>exempla</strong></span> <span class='ocrx_word' id='word_1_44' title='bbox 766 1003 1067 1092; x_wconf 75' lang='lat' dir='ltr'><strong>prnautcrurius&#39;</strong></span> <span class='ocrx_word' id='word_1_45' title='bbox 1055 1027 1088 1070; x_wconf 81' lang='lat' dir='ltr'><strong>sn</strong></span> <span class='ocrx_word' id='word_1_46' title='bbox 1102 1007 1219 1070; x_wconf 81' lang='lat' dir='ltr'><strong>Turub-</strong></span> 
     </span>
     <span class='ocr_line' id='line_1_7' title="bbox 142 1113 495 1198; baseline -0.003 -21"><span class='ocrx_word' id='word_1_47' title='bbox 142 1134 265 1196; x_wconf 74' lang='lat' dir='ltr'><strong>graecia</strong></span> <span class='ocrx_word' id='word_1_48' title='bbox 284 1134 317 1197; x_wconf 97' lang='lat' dir='ltr'><strong>p</strong></span> <span class='ocrx_word' id='word_1_49' title='bbox 334 1113 405 1176; x_wconf 89' lang='grc'><strong>172.</strong></span> <span class='ocrx_word' id='word_1_50' title='bbox 426 1135 495 1198; x_wconf 79' lang='lat' dir='ltr'><strong>sqq.</strong></span> 
     </span>
    </p>

    <p class='ocr_par' dir='ltr' id='par_1_3' title="bbox 129 1209 1257 1828">
     <span class='ocr_line' id='line_1_8' title="bbox 227 1209 1224 1301; baseline -0.008 -19"><span class='ocrx_word' id='word_1_51' title='bbox 227 1221 307 1300; x_wconf 79' lang='lat' dir='ltr'><strong>Ergo</strong></span> <span class='ocrx_word' id='word_1_52' title='bbox 335 1217 533 1282; x_wconf 76' lang='lat' dir='ltr'><strong>Barbariotaa</strong></span> <span class='ocrx_word' id='word_1_53' title='bbox 553 1220 730 1301; x_wconf 82' lang='lat' dir='ltr'><strong>Tereusque</strong></span> <span class='ocrx_word' id='word_1_54' title='bbox 750 1210 864 1280; x_wconf 85' lang='lat' dir='ltr'><strong>Leonis</strong></span> <span class='ocrx_word' id='word_1_55' title='bbox 892 1209 1082 1297; x_wconf 80' lang='lat' dir='ltr'><strong>imperatoris</strong></span> <span class='ocrx_word' id='word_1_56' title='bbox 1107 1215 1224 1285; x_wconf 72' lang='lat' dir='ltr'><strong>diversi</strong></span> 
     </span>
     <span class='ocr_line' id='line_1_9' title="bbox 141 1316 1221 1407; baseline 0 -21"><span class='ocrx_word' id='word_1_57' title='bbox 141 1323 234 1388; x_wconf 79' lang='lat' dir='ltr'><strong>nunti</strong></span> <span class='ocrx_word' id='word_1_58' title='bbox 268 1321 369 1386; x_wconf 87' lang='lat' dir='ltr'><strong>Primo</strong></span> <span class='ocrx_word' id='word_1_59' title='bbox 388 1320 528 1405; x_wconf 77' lang='lat' dir='ltr'><strong>equilen</strong></span> <span class='ocrx_word' id='word_1_60' title='bbox 548 1335 672 1407; x_wconf 82' lang='lat' dir='ltr'><strong>aspectu</strong></span> <span class='ocrx_word' id='word_1_61' title='bbox 692 1317 748 1382; x_wconf 87' lang='lat' dir='ltr'><strong>vix</strong></span> <span class='ocrx_word' id='word_1_62' title='bbox 767 1316 826 1384; x_wconf 87' lang='lat' dir='ltr'><strong>hou</strong></span> <span class='ocrx_word' id='word_1_63' title='bbox 845 1316 1032 1382; x_wconf 84' lang='lat' dir='ltr'><strong>crediderim.</strong></span> <span class='ocrx_word' id='word_1_64' title='bbox 1065 1323 1221 1405; x_wconf 69' lang='lat' dir='ltr'><strong>¹Namque</strong></span> 
     </span>
     <span class='ocr_line' id='line_1_10' title="bbox 138 1420 1222 1512; baseline 0.001 -22"><span class='ocrx_word' id='word_1_65' title='bbox 138 1449 245 1512; x_wconf 82' lang='lat' dir='ltr'><strong>parum</strong></span> <span class='ocrx_word' id='word_1_66' title='bbox 273 1425 433 1512; x_wconf 79' lang='lat' dir='ltr'><strong>probabile</strong></span> <span class='ocrx_word' id='word_1_67' title='bbox 462 1425 599 1505; x_wconf 79' lang='lat' dir='ltr'><strong>videtur,</strong></span> <span class='ocrx_word' id='word_1_68' title='bbox 640 1423 716 1488; x_wconf 73' lang='lat' dir='ltr'><strong>&lt;luas</strong></span> <span class='ocrx_word' id='word_1_69' title='bbox 745 1420 883 1486; x_wconf 83' lang='lat' dir='ltr'><strong>nationes</strong></span> <span class='ocrx_word' id='word_1_70' title='bbox 911 1421 1018 1488; x_wconf 86' lang='lat' dir='ltr'><strong>sudem</strong></span> <span class='ocrx_word' id='word_1_71' title='bbox 1047 1423 1222 1510; x_wconf 85' lang='lat' dir='ltr'><strong>episcopata</strong></span> 
     </span>
     <span class='ocr_line' id='line_1_11' title="bbox 139 1524 1223 1615; baseline -0.002 -19"><span class='ocrx_word' id='word_1_72' title='bbox 139 1529 372 1615; x_wconf 75' lang='lat' dir='ltr'><strong>comprehensus</strong></span> <span class='ocrx_word' id='word_1_73' title='bbox 392 1529 497 1596; x_wconf 86' lang='lat' dir='ltr'><strong>luisse.</strong></span> <span class='ocrx_word' id='word_1_74' title='bbox 539 1525 819 1614; x_wconf 76' lang='lat' dir='ltr'><strong>neule’pauimla</strong></span> <span class='ocrx_word' id='word_1_75' title='bbox 837 1524 911 1610; x_wconf 73' lang='grc' dir='ltr'>ἤτοι</span> <span class='ocrx_word' id='word_1_76' title='bbox 930 1527 1028 1592; x_wconf 89' lang='lat' dir='ltr'><strong>medio</strong></span> <span class='ocrx_word' id='word_1_77' title='bbox 1049 1551 1126 1595; x_wconf 89' lang='lat' dir='ltr'><strong>aevu</strong></span> <span class='ocrx_word' id='word_1_78' title='bbox 1140 1528 1223 1594; x_wconf 79' lang='lat' dir='ltr'><strong>haul</strong></span> 
     </span>
     <span class='ocr_line' id='line_1_12' title="bbox 129 1630 1257 1722; baseline 0 -24"><span class='ocrx_word' id='word_1_79' title='bbox 129 1656 207 1704; x_wconf 78' lang='lat' dir='ltr'><strong>,raro</strong></span> <span class='ocrx_word' id='word_1_80' title='bbox 229 1631 319 1698; x_wconf 86' lang='lat' dir='ltr'><strong>etiam</strong></span> <span class='ocrx_word' id='word_1_81' title='bbox 339 1633 419 1700; x_wconf 86' lang='lat' dir='ltr'><strong>idern</strong></span> <span class='ocrx_word' id='word_1_82' title='bbox 440 1633 574 1700; x_wconf 84' lang='lat' dir='ltr'><strong>valuisse</strong></span> <span class='ocrx_word' id='word_1_83' title='bbox 588 1635 661 1700; x_wconf 82' lang='lat' dir='ltr'><strong>milri</strong></span> <span class='ocrx_word' id='word_1_84' title='bbox 679 1657 853 1722; x_wconf 84' lang='lat' dir='ltr'><strong>persuasum</strong></span> <span class='ocrx_word' id='word_1_85' title='bbox 870 1647 934 1714; x_wconf 89' lang='lat' dir='ltr'><strong>est,</strong></span> <span class='ocrx_word' id='word_1_86' title='bbox 956 1631 1036 1718; x_wconf 70' lang='lat' dir='ltr'><strong>quael</strong></span> <span class='ocrx_word' id='word_1_87' title='bbox 1051 1633 1114 1698; x_wconf 81' lang='lat' dir='ltr'><strong>siue</strong></span> <span class='ocrx_word' id='word_1_88' title='bbox 1131 1656 1223 1698; x_wconf 86' lang='lat' dir='ltr'><strong>sensu</strong></span> <span class='ocrx_word' id='word_1_89' title='bbox 1253 1630 1257 1638; x_wconf 79' lang='grc'><strong>’</strong></span> 
     </span>
     <span class='ocr_line' id='line_1_13' title="bbox 137 1736 1225 1828; baseline 0.008 -31"><span class='ocrx_word' id='word_1_90' title='bbox 137 1753 264 1816; x_wconf 85' lang='lat' dir='ltr'><strong>veters;</strong></span> <span class='ocrx_word' id='word_1_91' title='bbox 289 1736 321 1801; x_wconf 88' lang='lat' dir='ltr'><strong>id</strong></span> <span class='ocrx_word' id='word_1_92' title='bbox 342 1739 421 1820; x_wconf 86' lang='lat' dir='ltr'><strong>quod</strong></span> <span class='ocrx_word' id='word_1_93' title='bbox 441 1737 465 1804; x_wconf 88' lang='lat' dir='ltr'><strong>ii</strong></span> <span class='ocrx_word' id='word_1_94' title='bbox 485 1740 665 1825; x_wconf 83' lang='lat' dir='ltr'><strong>quandoque</strong></span> <span class='ocrx_word' id='word_1_95' title='bbox 686 1740 910 1821; x_wconf 83' lang='lat' dir='ltr'><strong>monstrabunt,</strong></span> <span class='ocrx_word' id='word_1_96' title='bbox 933 1738 983 1823; x_wconf 89' lang='lat' dir='ltr'><strong>qui</strong></span> <span class='ocrx_word' id='word_1_97' title='bbox 1002 1737 1034 1802; x_wconf 88' lang='lat' dir='ltr'><strong>iu</strong></span> <span class='ocrx_word' id='word_1_98' title='bbox 1054 1737 1130 1804; x_wconf 88' lang='lat' dir='ltr'><strong>istas</strong></span> <span class='ocrx_word' id='word_1_99' title='bbox 1148 1761 1225 1828; x_wconf 79' lang='lat' dir='ltr'><strong>par·</strong></span> 
     </span>
    </p>
   </div>
   <div class='ocr_carea' id='block_1_3' title="bbox 21 1840 1225 1930">
    <p class='ocr_par' dir='ltr' id='par_1_4' title="bbox 21 1840 1225 1930">
     <span class='ocr_line' id='line_1_14' title="bbox 21 1840 1225 1930; baseline -0.002 -19"><span class='ocrx_word' id='word_1_100' title='bbox 21 1879 23 1884; x_wconf 34' lang='lat' dir='ltr'>v</span> <span class='ocrx_word' id='word_1_101' title='bbox 139 1857 187 1911; x_wconf 85' lang='lat' dir='ltr'><strong>tes</strong></span> <span class='ocrx_word' id='word_1_102' title='bbox 207 1844 357 1930; x_wconf 78' lang='lat' dir='ltr'><strong>Novellae</strong></span> <span class='ocrx_word' id='word_1_103' title='bbox 379 1846 551 1913; x_wconf 85' lang='lat' dir='ltr'><strong>Leoniause</strong></span> <span class='ocrx_word' id='word_1_104' title='bbox 576 1844 744 1929; x_wconf 88' lang='lat' dir='ltr'><strong>inquirent,</strong></span> <span class='ocrx_word' id='word_1_105' title='bbox 777 1864 852 1928; x_wconf 88' lang='lat' dir='ltr'><strong>quas</strong></span> <span class='ocrx_word' id='word_1_106' title='bbox 874 1842 967 1908; x_wconf 83' lang='lat' dir='ltr'><strong>citavi</strong></span> <span class='ocrx_word' id='word_1_107' title='bbox 986 1840 1017 1907; x_wconf 89' lang='lat' dir='ltr'><strong>iu</strong></span> <span class='ocrx_word' id='word_1_108' title='bbox 1038 1857 1121 1911; x_wconf 88' lang='lat' dir='ltr'><strong>nuta.</strong></span> <span class='ocrx_word' id='word_1_109' title='bbox 1162 1846 1225 1908; x_wconf 86' lang='lat' dir='ltr'><strong>Po·</strong></span> 
     </span>
    </p>
   </div>
   <div class='ocr_carea' id='block_1_4' title="bbox 96 1947 1224 2036">
    <p class='ocr_par' dir='ltr' id='par_1_5' title="bbox 96 1947 1224 2036">
     <span class='ocr_line' id='line_1_15' title="bbox 96 1947 1224 2036; baseline 0.004 -27"><span class='ocrx_word' id='word_1_110' title='bbox 96 1965 100 1974; x_wconf 89' lang='grc'><strong>’</strong></span> <span class='ocrx_word' id='word_1_111' title='bbox 139 1963 252 2011; x_wconf 83' lang='lat' dir='ltr'><strong>strumo</strong></span> <span class='ocrx_word' id='word_1_112' title='bbox 281 1949 427 2032; x_wconf 84' lang='lat' dir='ltr'><strong>quaedam</strong></span> <span class='ocrx_word' id='word_1_113' title='bbox 455 1949 593 2016; x_wconf 86' lang='lat' dir='ltr'><strong>nationes</strong></span> <span class='ocrx_word' id='word_1_114' title='bbox 619 1948 700 2034; x_wconf 87' lang='lat' dir='ltr'><strong>apud</strong></span> <span class='ocrx_word' id='word_1_115' title='bbox 723 1948 910 2036; x_wconf 73' lang='lat' dir='ltr'><strong>Byzantinos</strong></span> <span class='ocrx_word' id='word_1_116' title='bbox 939 1947 1020 2012; x_wconf 87' lang='lat' dir='ltr'><strong>baud</strong></span> <span class='ocrx_word' id='word_1_117' title='bbox 1039 1968 1108 2013; x_wconf 90' lang='lat' dir='ltr'><strong>raru</strong></span> <span class='ocrx_word' id='word_1_118' title='bbox 1129 1948 1224 2013; x_wconf 88' lang='lat' dir='ltr'><strong>variis</strong></span> 
     </span>
    </p>
   </div>
   <div class='ocr_carea' id='block_1_5' title="bbox 135 2050 1328 2140">
    <p class='ocr_par' dir='ltr' id='par_1_6' title="bbox 135 2050 1328 2140">
     <span class='ocr_line' id='line_1_16' title="bbox 135 2050 1328 2140; baseline 0.016 -27"><span class='ocrx_word' id='word_1_119' title='bbox 135 2050 308 2116; x_wconf 89' lang='lat' dir='ltr'><strong>nominibus</strong></span> <span class='ocrx_word' id='word_1_120' title='bbox 323 2053 540 2139; x_wconf 81' lang='lat' dir='ltr'><strong>insigniuntur,</strong></span> <span class='ocrx_word' id='word_1_121' title='bbox 556 2079 585 2122; x_wconf 85' lang='lat' dir='ltr'><strong>e.</strong></span> <span class='ocrx_word' id='word_1_122' title='bbox 599 2077 630 2140; x_wconf 79' lang='lat' dir='ltr'><strong>g.</strong></span> <span class='ocrx_word' id='word_1_123' title='bbox 654 2051 742 2118; x_wconf 78' lang='lat' dir='ltr'><strong>Sorbi</strong></span> <span class='ocrx_word' id='word_1_124' title='bbox 759 2050 930 2134; x_wconf 69' lang='lat' dir='ltr'><strong>(Triballi),</strong></span> <span class='ocrx_word' id='word_1_125' title='bbox 944 2050 1222 2136; x_wconf 52' lang='lat' dir='ltr'><strong>,Bulgsslfleoeffl&#39;s</strong></span> <span class='ocrx_word' id='word_1_126' title='bbox 1324 2071 1328 2086; x_wconf 83' lang='lat'>&#39;</span> 
     </span>
    </p>
   </div>
   <div class='ocr_carea' id='block_1_6' title="bbox 131 2156 1272 3508">
    <p class='ocr_par' dir='ltr' id='par_1_7' title="bbox 133 2156 1223 2345">
     <span class='ocr_line' id='line_1_17' title="bbox 135 2156 1223 2244; baseline 0.004 -27"><span class='ocrx_word' id='word_1_127' title='bbox 135 2156 319 2236; x_wconf 83' lang='lat' dir='ltr'><strong>Pannonii),</strong></span> <span class='ocrx_word' id='word_1_128' title='bbox 353 2159 491 2244; x_wconf 73' lang='lat' dir='ltr'><strong>Hungari</strong></span> <span class='ocrx_word' id='word_1_129' title='bbox 517 2165 687 2240; x_wconf 73' lang='lat' dir='ltr'><strong>(Turres),</strong></span> <span class='ocrx_word' id='word_1_130' title='bbox 725 2158 1114 2244; x_wconf 62' lang='lat' dir='ltr'><strong>Gumunijffatzinanitae,</strong></span> <span class='ocrx_word' id='word_1_131' title='bbox 1150 2160 1223 2222; x_wconf 83' lang='lat' dir='ltr'><strong>Pet·</strong></span> 
     </span>
     <span class='ocr_line' id='line_1_18' title="bbox 133 2258 756 2345; baseline 0.002 -22"><span class='ocrx_word' id='word_1_132' title='bbox 133 2258 329 2344; x_wconf 85' lang='lat' dir='ltr'><strong>subenegri),</strong></span> <span class='ocrx_word' id='word_1_133' title='bbox 352 2266 470 2326; x_wconf 87' lang='lat' dir='ltr'><strong>Turuae</strong></span> <span class='ocrx_word' id='word_1_134' title='bbox 493 2265 633 2345; x_wconf 80' lang='lat' dir='ltr'><strong>(Persae)</strong></span> <span class='ocrx_word' id='word_1_135' title='bbox 653 2278 713 2330; x_wconf 90' lang='lat' dir='ltr'><strong>eto.</strong></span> <span class='ocrx_word' id='word_1_136' title='bbox 751 2333 756 2344; x_wconf 24' lang='lat'><em>⁵</em></span> 
     </span>
    </p>

    <p class='ocr_par' dir='ltr' id='par_1_8' title="bbox 132 2365 1219 2666">
     <span class='ocr_line' id='line_1_19' title="bbox 213 2365 1219 2458; baseline 0.004 -31"><span class='ocrx_word' id='word_1_137' title='bbox 213 2365 375 2450; x_wconf 89' lang='lat' dir='ltr'><strong>Oppones,</strong></span> <span class='ocrx_word' id='word_1_138' title='bbox 412 2369 490 2433; x_wconf 87' lang='lat' dir='ltr'><strong>tales</strong></span> <span class='ocrx_word' id='word_1_139' title='bbox 516 2369 741 2458; x_wconf 80' lang='lat' dir='ltr'><strong>episcopatuum</strong></span> <span class='ocrx_word' id='word_1_140' title='bbox 769 2367 888 2433; x_wconf 81' lang='lat' dir='ltr'><strong>ludices</strong></span> <span class='ocrx_word' id='word_1_141' title='bbox 916 2393 975 2433; x_wconf 88' lang='lat' dir='ltr'><strong>non</strong></span> <span class='ocrx_word' id='word_1_142' title='bbox 1005 2391 1081 2455; x_wconf 87' lang='lat' dir='ltr'><strong>opus</strong></span> <span class='ocrx_word' id='word_1_143' title='bbox 1103 2365 1219 2433; x_wconf 85' lang='lat' dir='ltr'><strong>habers</strong></span> 
     </span>
     <span class='ocr_line' id='line_1_20' title="bbox 133 2467 1216 2560; baseline 0.006 -31"><span class='ocrx_word' id='word_1_144' title='bbox 133 2467 248 2532; x_wconf 87' lang='lat' dir='ltr'><strong>notitiis</strong></span> <span class='ocrx_word' id='word_1_145' title='bbox 277 2469 389 2550; x_wconf 86' lang='lat' dir='ltr'><strong>ductis,</strong></span> <span class='ocrx_word' id='word_1_146' title='bbox 421 2475 503 2558; x_wconf 81' lang='lat' dir='ltr'><strong>quod</strong></span> <span class='ocrx_word' id='word_1_147' title='bbox 530 2496 616 2538; x_wconf 79' lang='lat' dir='ltr'><strong>aeuus</strong></span> <span class='ocrx_word' id='word_1_148' title='bbox 644 2471 674 2536; x_wconf 88' lang='lat' dir='ltr'><strong>in</strong></span> <span class='ocrx_word' id='word_1_149' title='bbox 697 2473 851 2540; x_wconf 91' lang='lat' dir='ltr'><strong>annalium</strong></span> <span class='ocrx_word' id='word_1_150' title='bbox 871 2473 1062 2557; x_wconf 87' lang='lat' dir='ltr'><strong>auctoribus,</strong></span> <span class='ocrx_word' id='word_1_151' title='bbox 1096 2472 1148 2560; x_wconf 90' lang='lat' dir='ltr'><strong>qui</strong></span> <span class='ocrx_word' id='word_1_152' title='bbox 1168 2475 1216 2536; x_wconf 90' lang='lat' dir='ltr'><strong>le-</strong></span> 
     </span>
     <span class='ocr_line' id='line_1_21' title="bbox 132 2569 1216 2666; baseline 0.007 -34"><span class='ocrx_word' id='word_1_153' title='bbox 132 2569 266 2654; x_wconf 77' lang='lat' dir='ltr'><strong>gentium</strong></span> <span class='ocrx_word' id='word_1_154' title='bbox 295 2593 477 2662; x_wconf 87' lang='lat' dir='ltr'><strong>ornatusque</strong></span> <span class='ocrx_word' id='word_1_155' title='bbox 497 2600 589 2645; x_wconf 86' lang='lat' dir='ltr'><strong>eausa</strong></span> <span class='ocrx_word' id='word_1_156' title='bbox 610 2582 703 2644; x_wconf 85' lang='lat' dir='ltr'><strong>multe</strong></span> <span class='ocrx_word' id='word_1_157' title='bbox 724 2575 857 2662; x_wconf 87' lang='lat' dir='ltr'><strong>addunt,</strong></span> <span class='ocrx_word' id='word_1_158' title='bbox 892 2600 946 2666; x_wconf 86' lang='lat' dir='ltr'><strong>par</strong></span> <span class='ocrx_word' id='word_1_159' title='bbox 965 2603 1000 2645; x_wconf 88' lang='lat' dir='ltr'><strong>se</strong></span> <span class='ocrx_word' id='word_1_160' title='bbox 1020 2577 1216 2647; x_wconf 85' lang='lat' dir='ltr'><strong>abundantia.</strong></span> 
     </span>
    </p>

    <p class='ocr_par' dir='ltr' id='par_1_9' title="bbox 131 2677 1272 3504">
     <span class='ocr_line' id='line_1_22' title="bbox 214 2677 1216 2770; baseline 0.006 -32"><span class='ocrx_word' id='word_1_161' title='bbox 214 2677 275 2738; x_wconf 88' lang='lat' dir='ltr'><strong>Sed</strong></span> <span class='ocrx_word' id='word_1_162' title='bbox 296 2678 391 2762; x_wconf 90' lang='lat' dir='ltr'><strong>primo</strong></span> <span class='ocrx_word' id='word_1_163' title='bbox 419 2681 574 2746; x_wconf 87' lang='lat' dir='ltr'><strong>videamus</strong></span> <span class='ocrx_word' id='word_1_164' title='bbox 596 2682 635 2745; x_wconf 86' lang='lat' dir='ltr'><strong>de</strong></span> <span class='ocrx_word' id='word_1_165' title='bbox 660 2680 935 2766; x_wconf 87' lang='lat' dir='ltr'><strong>Bardariotis‚</strong></span> <span class='ocrx_word' id='word_1_166' title='bbox 966 2684 1019 2770; x_wconf 87' lang='lat' dir='ltr'><strong>qui</strong></span> <span class='ocrx_word' id='word_1_167' title='bbox 1039 2708 1100 2766; x_wconf 84' lang='lat' dir='ltr'><strong>nou</strong></span> <span class='ocrx_word' id='word_1_168' title='bbox 1121 2681 1216 2748; x_wconf 79' lang='lat' dir='ltr'><strong>sanuel</strong></span> 
     </span>
     <span class='ocr_line' id='line_1_23' title="bbox 132 2783 1216 2874; baseline 0.011 -34"><span class='ocrx_word' id='word_1_169' title='bbox 132 2794 247 2843; x_wconf 90' lang='lat' dir='ltr'><strong>tantum</strong></span> <span class='ocrx_word' id='word_1_170' title='bbox 269 2799 428 2848; x_wconf 81' lang='lat' dir='ltr'><strong>occurrunt</strong></span> <span class='ocrx_word' id='word_1_171' title='bbox 449 2785 480 2849; x_wconf 90' lang='lat' dir='ltr'><strong>in</strong></span> <span class='ocrx_word' id='word_1_172' title='bbox 497 2783 642 2850; x_wconf 78' lang='lat' dir='ltr'><strong>historiae</strong></span> <span class='ocrx_word' id='word_1_173' title='bbox 657 2785 845 2874; x_wconf 73' lang='lat' dir='ltr'><strong>By&#39;zantinae</strong></span> <span class='ocrx_word' id='word_1_174' title='bbox 869 2787 1079 2852; x_wconf 84' lang='lat' dir='ltr'><strong>monumentis.</strong></span> <span class='ocrx_word' id='word_1_175' title='bbox 1120 2791 1216 2853; x_wconf 80' lang='lat' dir='ltr'><strong>Erant</strong></span> 
     </span>
     <span class='ocr_line' id='line_1_24' title="bbox 131 2875 1272 2979; baseline 0.011 -35"><span class='ocrx_word' id='word_1_176' title='bbox 131 2882 164 2945; x_wconf 88' lang='lat' dir='ltr'><strong>in</strong></span> <span class='ocrx_word' id='word_1_177' title='bbox 186 2884 299 2968; x_wconf 89' lang='lat' dir='ltr'><strong>palatio</strong></span> <span class='ocrx_word' id='word_1_178' title='bbox 320 2887 652 2971; x_wconf 76' lang='lat' dir='ltr'><strong>Constantinopolitano</strong></span> <span class='ocrx_word' id='word_1_179' title='bbox 674 2911 740 2953; x_wconf 87' lang='lat' dir='ltr'><strong>oum</strong></span> <span class='ocrx_word' id='word_1_180' title='bbox 761 2891 939 2979; x_wconf 78' lang='lat' dir='ltr'><strong>curtinariis</strong></span> <span class='ocrx_word' id='word_1_181' title='bbox 961 2891 1124 2972; x_wconf 82' lang='lat' dir='ltr'><strong>satellites,</strong></span> <span class='ocrx_word' id='word_1_182' title='bbox 1152 2892 1217 2978; x_wconf 86' lang='lat' dir='ltr'><strong>pri-</strong></span> <span class='ocrx_word' id='word_1_183' title='bbox 1269 2875 1272 2882; x_wconf 36' lang='lat'>¹</span> 
     </span>
     <span class='ocr_line' id='line_1_25' title="bbox 131 2986 1214 3082; baseline 0.01 -34"><span class='ocrx_word' id='word_1_184' title='bbox 131 2986 254 3051; x_wconf 85' lang='lat' dir='ltr'><strong>miceriu</strong></span> <span class='ocrx_word' id='word_1_185' title='bbox 270 2989 393 3070; x_wconf 82' lang='lat' dir='ltr'><strong>subditi,</strong></span> <span class='ocrx_word' id='word_1_186' title='bbox 416 2993 486 3058; x_wconf 85' lang='lat' dir='ltr'><strong>coll.</strong></span> <span class='ocrx_word' id='word_1_187' title='bbox 508 2992 640 3077; x_wconf 81' lang='lat' dir='ltr'><strong>Georgio</strong></span> <span class='ocrx_word' id='word_1_188' title='bbox 658 2993 842 3082; x_wconf 84' lang='lat' dir='ltr'><strong>Pucbymere</strong></span> <span class='ocrx_word' id='word_1_189' title='bbox 864 2995 893 3063; x_wconf 91' lang='lat' dir='ltr'><strong>iu</strong></span> <span class='ocrx_word' id='word_1_190' title='bbox 915 2989 1066 3061; x_wconf 85' lang='lat' dir='ltr'><strong>Michaele</strong></span> <span class='ocrx_word' id='word_1_191' title='bbox 1086 2995 1214 3062; x_wconf 86' lang='lat' dir='ltr'><strong>Palaeo-</strong></span> 
     </span>
     <span class='ocr_line' id='line_1_26' title="bbox 134 3089 1216 3189; baseline 0.021 -33"><span class='ocrx_word' id='word_1_192' title='bbox 134 3091 206 3176; x_wconf 84' lang='lat' dir='ltr'><strong>lugu</strong></span> <span class='ocrx_word' id='word_1_193' title='bbox 223 3089 254 3172; x_wconf 78' lang='grc'><strong>4,</strong></span> <span class='ocrx_word' id='word_1_194' title='bbox 275 3091 316 3160; x_wconf 78' lang='grc'><strong>29</strong></span> <span class='ocrx_word' id='word_1_195' title='bbox 338 3097 391 3174; x_wconf 78' lang='lat' dir='ltr'><strong>(ad</strong></span> <span class='ocrx_word' id='word_1_196' title='bbox 410 3111 519 3162; x_wconf 88' lang='lat' dir='ltr'><strong>arulum</strong></span> <span class='ocrx_word' id='word_1_197' title='bbox 538 3101 650 3174; x_wconf 68' lang='lat' dir='ltr'><strong>lmus</strong></span> <span class='ocrx_word' id='word_1_198' title='bbox 674 3099 930 3188; x_wconf 71' lang='lat' dir='ltr'><strong>Baprluparuirue</strong></span> <span class='ocrx_word' id='word_1_199' title='bbox 950 3101 1028 3182; x_wconf 71' lang='grc' dir='ltr'>(εἶθ)</span> <span class='ocrx_word' id='word_1_200' title='bbox 1050 3107 1104 3168; x_wconf 66' lang='grc' dir='ltr'><strong>καὶ</strong></span> <span class='ocrx_word' id='word_1_201' title='bbox 1125 3103 1216 3189; x_wconf 76' lang='lat' dir='ltr'><strong>Kop-</strong></span> 
     </span>
     <span class='ocr_line' id='line_1_27' title="bbox 134 3203 1216 3294; baseline 0.009 -30"><span class='ocrx_word' id='word_1_202' title='bbox 134 3204 310 3285; x_wconf 70' lang='lat' dir='ltr'><strong>rsuupiouo.</strong></span> <span class='ocrx_word' id='word_1_203' title='bbox 352 3203 440 3268; x_wconf 77' lang='lat' dir='ltr'><strong>salo</strong></span> <span class='ocrx_word' id='word_1_204' title='bbox 461 3203 659 3288; x_wconf 77' lang='lat' dir='ltr'><strong>antiquiorem</strong></span> <span class='ocrx_word' id='word_1_205' title='bbox 679 3207 872 3292; x_wconf 77' lang='lat' dir='ltr'><strong>scriptorem,</strong></span> <span class='ocrx_word' id='word_1_206' title='bbox 898 3207 1063 3292; x_wconf 76' lang='lat' dir='ltr'><strong>Georgium</strong></span> <span class='ocrx_word' id='word_1_207' title='bbox 1075 3211 1216 3294; x_wconf 72' lang='lat' dir='ltr'><strong>Aeropo-</strong></span> 
     </span>
     <span class='ocr_line' id='line_1_28' title="bbox 133 3303 1264 3399; baseline 0.016 -33"><span class='ocrx_word' id='word_1_208' title='bbox 133 3303 217 3368; x_wconf 88' lang='lat' dir='ltr'><strong>litam</strong></span> <span class='ocrx_word' id='word_1_209' title='bbox 239 3303 329 3384; x_wconf 85' lang='lat' dir='ltr'><strong>(bist.</strong></span> <span class='ocrx_word' id='word_1_210' title='bbox 351 3326 420 3392; x_wconf 77' lang='lat' dir='ltr'><strong>sup.¹</strong></span> <span class='ocrx_word' id='word_1_211' title='bbox 435 3308 523 3388; x_wconf 61' lang='lat' dir='ltr'><strong>lib),</strong></span> <span class='ocrx_word' id='word_1_212' title='bbox 555 3307 609 3372; x_wconf 90' lang='lat' dir='ltr'><strong>ubi</strong></span> <span class='ocrx_word' id='word_1_213' title='bbox 629 3305 660 3374; x_wconf 88' lang='lat' dir='ltr'><strong>iu</strong></span> <span class='ocrx_word' id='word_1_214' title='bbox 682 3312 789 3376; x_wconf 84' lang='lat' dir='ltr'><strong>nastris</strong></span> <span class='ocrx_word' id='word_1_215' title='bbox 807 3310 996 3399; x_wconf 88' lang='lat' dir='ltr'><strong>imperatoria</strong></span> <span class='ocrx_word' id='word_1_216' title='bbox 1016 3311 1142 3378; x_wconf 75' lang='lat' dir='ltr'><strong>Nicaeni</strong></span> <span class='ocrx_word' id='word_1_217' title='bbox 1161 3333 1215 3376; x_wconf 83' lang='lat' dir='ltr'><strong>so·</strong></span> <span class='ocrx_word' id='word_1_218' title='bbox 1262 3377 1264 3384; x_wconf 81' lang='grc'>,</span> 
     </span>
     <span class='ocr_line' id='line_1_29' title="bbox 134 3409 1217 3508; baseline 0.007 -34"><span class='ocrx_word' id='word_1_219' title='bbox 134 3428 257 3477; x_wconf 90' lang='lat' dir='ltr'><strong>currunt</strong></span> <span class='ocrx_word' id='word_1_220' title='bbox 277 3409 524 3482; x_wconf 75' lang='lat' dir='ltr'><strong>Barbariotarum</strong></span> <span class='ocrx_word' id='word_1_221' title='bbox 545 3411 707 3483; x_wconf 81' lang='lat' dir='ltr'><strong>satellitum</strong></span> <span class='ocrx_word' id='word_1_222' title='bbox 726 3410 874 3508; x_wconf 87' lang='lat' dir='ltr'><strong>tentoria;</strong></span> <span class='ocrx_word' id='word_1_223' title='bbox 896 3409 976 3482; x_wconf 84' lang='lat' dir='ltr'><strong>unde</strong></span> <span class='ocrx_word' id='word_1_224' title='bbox 995 3416 1084 3483; x_wconf 86' lang='lat' dir='ltr'><strong>simul</strong></span> <span class='ocrx_word' id='word_1_225' title='bbox 1103 3437 1217 3504; x_wconf 79' lang='lat' dir='ltr'><strong>cognu-</strong></span> 
     </span>
    </p>
   </div>
   <div class='ocr_carea' id='block_1_7' title="bbox 139 3551 381 3568">
    <p class='ocr_par' dir='ltr' id='par_1_10' title="bbox 139 3551 381 3568">
     <span class='ocr_line' id='line_1_30' title="bbox 139 3551 381 3568; baseline 0.012 -3"><span class='ocrx_word' id='word_1_226' title='bbox 139 3551 381 3568; x_wconf 53' lang='lat' dir='ltr'><strong>mh—</strong></span> 
     </span>
    </p>
   </div>
   <div class='ocr_carea' id='block_1_8' title="bbox 129 3601 1211 3796">
    <p class='ocr_par' dir='ltr' id='par_1_11' title="bbox 129 3601 1211 3796">
     <span class='ocr_line' id='line_1_31' title="bbox 134 3601 1211 3712; baseline 0.018 -35.638"><span class='ocrx_word' id='word_1_227' title='bbox 134 3630 213 3692; x_wconf 74' lang='lat'><strong>⁵9)</strong></span> <span class='ocrx_word' id='word_1_228' title='bbox 242 3626 305 3682; x_wconf 77' lang='lat' dir='ltr'><strong>Alia</strong></span> <span class='ocrx_word' id='word_1_229' title='bbox 323 3633 455 3700; x_wconf 75' lang='lat' dir='ltr'><strong>exempla</strong></span> <span class='ocrx_word' id='word_1_230' title='bbox 471 3631 559 3700; x_wconf 72' lang='lat' dir='ltr'><strong>huius</strong></span> <span class='ocrx_word' id='word_1_231' title='bbox 575 3647 647 3691; x_wconf 81' lang='lat' dir='ltr'><strong>usas</strong></span> <span class='ocrx_word' id='word_1_232' title='bbox 695 3633 766 3690; x_wconf 81' lang='lat' dir='ltr'><strong>vitio</strong></span> <span class='ocrx_word' id='word_1_233' title='bbox 783 3645 891 3694; x_wconf 66' lang='lat' dir='ltr'><strong>vorata</strong></span> <span class='ocrx_word' id='word_1_234' title='bbox 932 3638 981 3694; x_wconf 83' lang='lat' dir='ltr'><strong>Sin</strong></span> <span class='ocrx_word' id='word_1_235' title='bbox 1003 3601 1120 3712; x_wconf 84' lang='lat' dir='ltr'><strong>plane</strong></span> <span class='ocrx_word' id='word_1_236' title='bbox 1109 3660 1141 3696; x_wconf 87' lang='grc' dir='ltr'><strong>ιιι</strong></span> <span class='ocrx_word' id='word_1_237' title='bbox 1164 3641 1211 3696; x_wconf 67' lang='lat' dir='ltr'><strong>iu·</strong></span> 
     </span>
     <span class='ocr_line' id='line_1_32' title="bbox 129 3710 1208 3796; baseline 0.019 -31"><span class='ocrx_word' id='word_1_238' title='bbox 129 3728 182 3782; x_wconf 86' lang='lat' dir='ltr'><strong>par</strong></span> <span class='ocrx_word' id='word_1_239' title='bbox 169 3710 335 3766; x_wconf 72' lang='lat' dir='ltr'><strong>stimulus*</strong></span> <span class='ocrx_word' id='word_1_240' title='bbox 320 3737 380 3782; x_wconf 77' lang='grc' dir='ltr'>ηιοι</span> <span class='ocrx_word' id='word_1_241' title='bbox 418 3721 537 3786; x_wconf 81' lang='lat' dir='ltr'><strong>praebet</strong></span> <span class='ocrx_word' id='word_1_242' title='bbox 567 3719 649 3781; x_wconf 70' lang='lat' dir='ltr'><strong>iaetu</strong></span> <span class='ocrx_word' id='word_1_243' title='bbox 695 3725 760 3782; x_wconf 72' lang='lat' dir='ltr'><strong>diue</strong></span> <span class='ocrx_word' id='word_1_244' title='bbox 779 3729 973 3784; x_wconf 75' lang='lat' dir='ltr'><strong>Arnuronicil.</strong></span> <span class='ocrx_word' id='word_1_245' title='bbox 992 3747 1017 3786; x_wconf 86' lang='lat' dir='ltr'><strong>n.</strong></span> <span class='ocrx_word' id='word_1_246' title='bbox 1035 3734 1127 3786; x_wconf 82' lang='lat' dir='ltr'><strong>verba</strong></span> <span class='ocrx_word' id='word_1_247' title='bbox 1140 3739 1208 3796; x_wconf 71' lang='grc' dir='ltr'>Χριι</span> 
     </span>
    </p>
   </div>
   <div class='ocr_carea' id='block_1_9' title="bbox 128 3795 1207 3892">
    <p class='ocr_par' dir='ltr' id='par_1_12' title="bbox 128 3795 1207 3892">
     <span class='ocr_line' id='line_1_33' title="bbox 128 3795 1207 3892; baseline 0.022 -40"><span class='ocrx_word' id='word_1_248' title='bbox 128 3795 268 3854; x_wconf 75' lang='lat' dir='ltr'><strong>Listrisr</strong></span> <span class='ocrx_word' id='word_1_249' title='bbox 260 3799 404 3870; x_wconf 80' lang='lat' dir='ltr'><strong>i.uuex§</strong></span> <span class='ocrx_word' id='word_1_250' title='bbox 432 3808 458 3858; x_wconf 93' lang='grc'><strong>2.</strong></span> <span class='ocrx_word' id='word_1_251' title='bbox 486 3808 646 3876; x_wconf 68' lang='lat' dir='ltr'><strong>7.10.2l.</strong></span> <span class='ocrx_word' id='word_1_252' title='bbox 696 3810 766 3868; x_wconf 69' lang='lat' dir='ltr'><strong>ursin</strong></span> <span class='ocrx_word' id='word_1_253' title='bbox 767 3810 921 3883; x_wconf 66' lang='lat' dir='ltr'><strong>obseritur</strong></span> <span class='ocrx_word' id='word_1_254' title='bbox 931 3819 1068 3886; x_wconf 74' lang='grc' dir='ltr'>Κιβιὶιιλλ</span> <span class='ocrx_word' id='word_1_255' title='bbox 1050 3828 1207 3892; x_wconf 73' lang='lat' dir='ltr'><strong>utcavule)</strong></span> 
     </span>
    </p>
   </div>
   <div class='ocr_carea' id='block_1_10' title="bbox 128 3887 1208 4047">
    <p class='ocr_par' dir='ltr' id='par_1_13' title="bbox 128 3887 1208 4045">
     <span class='ocr_line' id='line_1_34' title="bbox 128 3887 1208 3980; baseline 0.022 -38.022"><span class='ocrx_word' id='word_1_256' title='bbox 128 3887 173 3938; x_wconf 85' lang='grc'><strong>22</strong></span> <span class='ocrx_word' id='word_1_257' title='bbox 191 3887 236 3940; x_wconf 77' lang='grc'><strong>43.</strong></span> <span class='ocrx_word' id='word_1_258' title='bbox 253 3889 297 3940; x_wconf 78' lang='lat' dir='ltr'><strong>bb·</strong></span> <span class='ocrx_word' id='word_1_259' title='bbox 333 3888 388 3942; x_wconf 79' lang='lat' dir='ltr'><strong>Ubi</strong></span> <span class='ocrx_word' id='word_1_260' title='bbox 411 3897 507 3944; x_wconf 61' lang='lat' dir='ltr'><strong>lambit</strong></span> <span class='ocrx_word' id='word_1_261' title='bbox 531 3889 579 3946; x_wconf 65' lang='lat'><strong>⁸1¹5</strong></span> <span class='ocrx_word' id='word_1_262' title='bbox 608 3894 646 3948; x_wconf 60' lang='grc' dir='ltr'><strong>(ὅθ</strong></span> <span class='ocrx_word' id='word_1_263' title='bbox 695 3905 816 3958; x_wconf 76' lang='lat' dir='ltr'><strong>earrdetn</strong></span> <span class='ocrx_word' id='word_1_264' title='bbox 837 3906 939 3960; x_wconf 67' lang='lat' dir='ltr'><strong>tarnem</strong></span> <span class='ocrx_word' id='word_1_265' title='bbox 956 3905 1002 3959; x_wconf 68' lang='lat' dir='ltr'><strong>siu</strong></span> <span class='ocrx_word' id='word_1_266' title='bbox 981 3905 1135 3980; x_wconf 80' lang='lat' dir='ltr'><strong>gallicant,</strong></span> <span class='ocrx_word' id='word_1_267' title='bbox 1165 3919 1208 3968; x_wconf 79' lang='lat' dir='ltr'><strong>snt</strong></span> 
     </span>
     <span class='ocr_line' id='line_1_35' title="bbox 128 3972 871 4047; baseline 0.024 -24"><span class='ocrx_word' id='word_1_268' title='bbox 128 3986 184 4023; x_wconf 85' lang='lat' dir='ltr'><strong>utra</strong></span> <span class='ocrx_word' id='word_1_269' title='bbox 204 3973 414 4040; x_wconf 62' lang='lat' dir='ltr'><strong>suro-aternum</strong></span> <span class='ocrx_word' id='word_1_270' title='bbox 391 3972 647 4047; x_wconf 75' lang='lat' dir='ltr'><strong>nbecogitsbuut,</strong></span> <span class='ocrx_word' id='word_1_271' title='bbox 695 3991 871 4044; x_wconf 62' lang='lat' dir='ltr'><strong>Catulum</strong></span> 
     </span>
    </p>
   </div>
   <div class='ocr_carea' id='block_1_11' title="bbox 127 4056 747 4130">
    <p class='ocr_par' dir='ltr' id='par_1_14' title="bbox 127 4056 747 4130">
     <span class='ocr_line' id='line_1_36' title="bbox 127 4056 747 4130; baseline 0.024 -22"><span class='ocrx_word' id='word_1_272' title='bbox 127 4073 201 4124; x_wconf 76' lang='lat' dir='ltr'><strong>queue</strong></span> <span class='ocrx_word' id='word_1_273' title='bbox 217 4057 256 4117; x_wconf 83' lang='lat' dir='ltr'><strong>sit</strong></span> <span class='ocrx_word' id='word_1_274' title='bbox 273 4056 390 4130; x_wconf 85' lang='lat' dir='ltr'><strong>antique</strong></span> <span class='ocrx_word' id='word_1_275' title='bbox 413 4061 528 4116; x_wconf 84' lang='lat' dir='ltr'><strong>riumiue</strong></span> <span class='ocrx_word' id='word_1_276' title='bbox 546 4069 575 4116; x_wconf 86' lang='lat' dir='ltr'><strong>ut</strong></span> <span class='ocrx_word' id='word_1_277' title='bbox 594 4080 645 4122; x_wconf 63' lang='lat' dir='ltr'><strong>uss</strong></span> <span class='ocrx_word' id='word_1_278' title='bbox 745 4100 747 4108; x_wconf 70' lang='lat'><em>,</em></span> 
     </span>
    </p>
   </div>
   <div class='ocr_carea' id='block_1_12' title="bbox 0 0 1448 4776">
    <p class='ocr_par' dir='ltr' id='par_1_15' title="bbox 0 0 1448 4776">
     <span class='ocr_line' id='line_1_37' title="bbox 0 0 1448 4776; baseline 0 4"><span class='ocrx_word' id='word_1_279' title='bbox 0 0 1448 4776; x_wconf 95' lang='lat' dir='ltr'><strong> </strong></span> 
     </span>
    </p>
   </div>
  </div>
 </body>
</html>
