2874 4776
507 467 823 521 PROLRGUMEM·
1123 471 1209 526 Lt‘tt

122 627 249 698 troctas,
271 617 305 680 S.
324 614 515 697 Demetrius,
536 615 623 701 cujus
643 637 771 702 magnae
789 637 909 702 semper
927 616 1029 703 partes
1047 615 1080 682 in
1099 599 1208 687 delen·

123 722 225 788 denda
252 720 351 808 patria
376 744 395 786 e
419 719 614 807 sequentibus
640 720 732 806 hujus
756 720 858 788 libelli
882 719 1004 808 paginis
1031 721 1208 808 elucebunt,

38 875 45 890 .
124 849 279 894 ramorum
299 849 422 892 suorum
439 847 605 892 annnorum
625 825 741 892 ratione
760 825 791 892 irl
808 825 928 907 ⁴elicuit,
950 842 982 893 ut
997 827 1208 914 Macedoniae,

124 933 218 1000 immo
246 931 438 998 finitimarum
467 953 585 1019 quoque
610 914 832 1018 provinciarum
858 931 1000 997 memoria
1025 955 1079 1020 per
1104 937 1209 1002 recula
1307 1013 1310 1020 ¹

125 1042 175 1103 Vl
188 1040 320 1102 -vltt
339 1059 399 1103 non
419 1033 615 1102 interciderit.
658 1033 747 1116 Quoi
766 1032 864 1124 ipsum
884 1036 1039 1123 proximos
1059 1039 1209 1116 namatio·

129 1142 178 1208 nia
198 1158 284 1209 tenor
303 1141 334 1206 in
355 1164 435 1207 nova
456 1142 524 1209 luce
543 1139 713 1206 collocabit.
928 1207 929 1214 χ

205 1245 377 1328 Mauritius,
399 1250 580 1312 Graecorum
600 1245 763 1333 imperator
781 1266 811 1312 a.
828 1245 934 1312 582-
946 1246 1038 1329 602.,
1051 1245 1106 1326 ³⁶)
1128 1245 1210 1314 bella

126 1376 193 1420 cum
214 1351 377 1431 sclavinis,
399 1350 532 1436 quitum
553 1349 695 1436 temporis
715 1351 884 1415 Avarorunr
905 1349 989 1436 genti
1009 1348 1132 1418 validae
1152 1373 1210 1438 pa·

124 1459 244 1540 rebant,
266 1457 304 1523 ad
325 1459 433 1520 latrum
455 1448 563 1520 flumen
585 1476 639 1540 per
659 1454 751 1519 lucos
770 1476 842 1550 σοον
862 1453 974 1540 gessit3
1003 1477 1149 1540 quaenam
1168 1453 1208 1520 ab

124 1563 204 1652 ipsis
230 1559 466 1651 provincialibus
495 1558 620 1624 luorum
652 1557 820 1626 seculorum
851 1559 979 1625 decursu
1007 1583 1073 1625 cum
1101 1559 1210 1626 iisr'lern

113 1665 267 1734 barbaris
294 1679 380 1750 gesta
401 1663 478 1746 sint,
507 1685 546 1727 ex
569 1659 654 1726 Actis
679 1665 713 1728 S.
734 1663 880 1729 Demetrii
900 1664 965 1750 jam
991 1685 1069 1729 nunc
1092 1664 1211 1752 patela-

123 1771 219 1853 ciam,
247 1769 395 1854 simulque
418 1791 467 1834 res
485 1781 516 1832 et
537 1765 627 1831 sedes
643 1766 853 1832 sclavinorum
873 1767 1136 1834 Macedonicorum
1156 1767 1209 1850 ³⁷)

121 1901 160 1943 οο
181 1872 426 1940 Thessalicorum
452 1869 625 1936 illustrabo.
672 1871 762 1952 Quod
793 1887 824 1937 ut
855 1871 906 1938 via
934 1890 964 1938 et
993 1871 1109 1938 ratione
1137 1897 1211 1961 pro·

124 1982 234 2061 cedat,
264 1975 410 2065 prooemii
439 1974 534 2041 instar
557 1973 655 2040 locum
677 1975 870 2042 Gameniatae
892 1978 966 2043 satis
986 1977 1210 2044 memorabilem

122 2083 325 2175 praemittam,
347 2079 398 2167 qui
417 2079 497 2145 bella
510 2077 805 2162 Thessaloniceneia,
827 2103 894 2145 cnm
911 2081 1030 2168 pristini
1048 2082 1128 2162 aevi,
1146 2097 1211 2146 tunt
1313 2129 1319 2151 ι

123 2186 328 2279 proximorum
349 2185 462 2250 auctori
482 2182 669 2274 seculorum,
700 2208 760 2250 uno
780 2185 868 2270 quasi
887 2185 991 2251 obtutu
1013 2185 1210 2274 comprehen-

123 2296 187 2379 dit,
209 2292 388 2377 libellosque
408 2289 439 2354 in
460 2283 606 2352 Demetrii
628 2285 771 2351 honorem
792 2289 994 2376 conscriptor,
1021 2289 1131 2374 quibus
1153 2309 1210 2351 non

124 2400 163 2467 ad
184 2378 393 2464 illustranrlam
414 2389 715 2457 Thessalonicensem
741 2390 948 2476 antiquitatem
973 2393 1115 2479 deinceps
1141 2405 1209 2456 ute·

124 2527 211 2578 mur,
240 2501 267 2566 si
289 2523 346 2565 non
369 2502 490 2580 umnec,
514 2511 634 2569 utamen
655 2494 801 2580 quosdam
821 2493 941 2577 eorum,
969 2497 1072 2562 seculo
1092 2495 1207 2564 dommo
1220 2502 1262 2571 41

125 2605 329 2692 antiquiores,
361 2599 494 2690 respicit.
536 2601 633 2684 igitur
651 2603 844 2686 cauteriata,
876 2603 928 2690 qui
953 2626 1031 2670 anno
1056 2601 1129 2669 9⁰4.
1157 2599 1209 2664 vel

123 2708 296 2796 insequenti
325 2729 409 2772 suam
442 2705 481 2769 de
507 2704 745 2773 Thessalonicae
774 2709 956 2786 Sarazenicn
985 2703 1210 2794 expugnatione

124 2814 327 2883 narrationem
348 2809 555 2901 concinnavit,
576 2810 666 2896 liujus
686 2811 784 2899 capite
803 2827 911 2878 octavo
932 2810 1136 2878 bacchabere
1169 2807 1216 2878 Εἰ.
1249 2819 1251 2826 “

126 2922 193 3008 γὰρ
214 2926 271 2987 καὶ
289 2919 430 2997 πολλοὺς
451 2914 609 2994 πολλάκις
629 2915 749 2999 ἀνέτλη
770 2921 930 3003 πολέμους
950 2921 1006 2984 κοί
1027 2919 1102 2984 λίοιν
1123 2941 1211 3011 σφο-

126 3028 310 3116 δροτάτονς
335 3023 489 3112 ἡπόλις,
521 3021 597 3102 coria
626 3049 660 3092 τε
686 3023 722 3092 ἐκ
747 3022 943 3112 βαρβάρων,
973 3029 1028 3092 κοιλ
1050 3019 1156 3092 αὐτῶν
1177 3029 1213 3094 δὲ

127 3139 193 3203 τῶν
220 3132 490 3221 οννομοροιίντων
511 3133 679 3214 Σκυθῶν,
708 3135 776 3200 πᾶν
803 3125 886 3214 εἶδος
907 3132 1116 3220 ἀμυντηρίων
1136 3131 1209 3201 κατ’

128 3241 233 3327 αὐτῆς
261 3246 515 3327 λπινοονμὲνιον,
552 3245 607 3310 καλ
637 3237 782 3332 ψάμμου
809 3243 902 3325 δίκην
932 3243 977 3334 uqi
1004 3239 1126 3322 πλήθει
1155 3243 1213 3325 τῆς

127 3357 289 3438 στρατιᾶς
310 3345 514 3435 εἰσρεόντων,
537 3353 591 3415 καί
613 3353 696 3434 μηδὲ
718 3349 895 3442 ὑποφέρειν
915 3345 976 3436 τὴν
997 3348 1133 3432 ἀπειλὴν
1152 3350 1214 3418 οὐ-

128 3468 194 3526 τοῖν
222 3455 494 3548 φιλονεικούντων
514 3463 586 3541 (καί
606 3455 671 3543 γὰρ
696 3455 739 3536 ὡς
760 3459 900 3541 ἀληθῶς
919 3446 1007 3543 ἦσαν
1027 3455 1212 3528 ἀκάθεκτον

126 3581 199 3646 ταῖς
220 3563 349 3653 ὁρμαῖς,
370 3568 427 3633 καὶ
447 3566 575 3661 ποικίλῃ
593 3571 660 3633 τινί.
674 3567 840 3659 πανοπλίᾳ
856 3568 1110 3660 πεφραγμένοι),
1132 3564 1208 3636 ἀλλ’

171 3757 219 3820 sc)
246 3756 420 3828 Lebearr,
456 3753 576 3811 histoire
605 3757 645 3812 ‹lrr
694 3755 858 3812 Cameniata
878 3775 940 3828 cap.
955 3759 1055 3816 ²0.ll.
1069 3757 1131 3814 noti
1146 3757 1211 3813 fue·

125 3837 335 3910 Bas-Empire‚
354 3841 400 3896 ed.
420 3841 464 3895 tle
483 3843 530 3896 st.
551 3845 644 3897 Mar·
693 3859 736 3912 re,
755 3859 813 3896 uon
832 3841 983 3914 ignorante
1000 3842 1129 3897 Strittero
1147 3847 1210 3898 Sla-

125 3927 193 3981 tiu.
215 3929 252 3982 Τ.
269 3927 307 3978 Χ.
328 3923 378 3980 lib.
395 3927 553 3984 Lt-utv.
577 3943 644 4001 pag.
692 3927 822 3982 vicorum
848 3926 1010 3998 capitelli
1035 3927 1209 3990 (Memoriae
1305 3965 1307 3974 ι

125 4017 177 4069 191
191 4011 292 4068 412.
691 4015 863 4084 populorrun
887 4017 954 4070 cett.
972 4011 1010 4066 Τ.
1026 4015 1074 4066 tlt.
1091 4029 1156 4087 pag.
1173 4017 1209 4075 05

162 4101 209 4167 οι)
231 4099 343 4154 llornrn
370 4092 426 4152 soli
445 4090 644 4171 Str'yrnoniic
690 4100 762 4170 sq).
