2890 4774
273 437 351 511 414
469 507 473 514 ‚
704 457 922 509 amum.
1004 501 1008 516 ,
1034 507 1039 518 ,
1251 429 1357 528 [σευ.

277 605 380 688 τόπος
400 607 598 691 τεταγμένος
619 609 664 683 είς
685 571 872 696 ύσροίλειαν
892 600 1099 691 ἦγκαλίζετο,
1126 601 1224 686 κουίις
1247 603 1361 678 ὅπλων

277 719 345 788 τῶν
362 740 396 786 τε
417 711 539 797 ἄλλων,
560 718 617 784 καὶ
638 707 702 784 ὅσα
723 712 805 800 πρὸς
821 708 944 800 δρόμον
960 712 1204 801 ἐπιταχύνουσι,
1226 719 1281 783 καὶ
1299 715 1359 785 ού-

276 831 313 896 δέ
341 823 380 894 τὸ
409 821 563 892 ναυτικὸν
590 819 885 916 παραφαινούσας,
923 817 997 890 ούτι
1027 819 1066 888 τὸ
1094 829 1287 908 κατεπεῖγον
1314 821 1360 904 τίς

274 934 396 1013 πλοῦν,
422 927 496 1000 οίίτι
516 929 554 1000 τὸ
574 929 729 1020 μυίχιμον.
769 931 839 1000 Καὶ
860 927 945 998 υίίτω
963 933 1023 1018 μὲν
1040 931 1139 1017 χθές.
1170 923 1303 999 Ἒωθεν
1324 935 1360 1002 &a

274 1038 381 1130 ἡμέρα
410 1042 584 1126 ἐξέλαμπε,
612 1045 668 1107 καί
691 1037 863 1125 βασιλικὸν
889 1025 931 1125 ἦν
958 1041 1111 1124 κέλενμα·
1153 1037 1251 1127 ἑχρήν
1279 1037 1358 1126 γάρ.

274 1154 345 1219 Καὶ
361 1147 560 1236 ἐπληροῦντο
576 1152 637 1233 μίν
654 1152 727 1228 ταῖς
742 1145 886 1234 τριήρεσι
901 1143 943 1214 τείι
962 1143 1153 1232 κενώματα,
1173 1145 1357 1228 ἐξεκενοῡτο

274 1264 310 1330 δὲ
334 1255 376 1325 τοί
396 1252 522 1344 νεώρια.
572 1256 643 1322 Καὶ
665 1252 841 1338 ἑστήκεσαν
866 1257 960 1348 ψιλοί
982 1257 1041 1342 μὲν
1068 1258 1100 1323 οἱ
1119 1249 1356 1341 ναύσταθμοι,

275 1363 407 1455 ἀχανεῖς
424 1367 457 1434 δὲ
477 1367 508 1433 οἱ
527 1365 711 1451 βλέποντες.
751 1357 801 1432 Ἡ
817 1365 852 1431 δὲ
867 1365 1058 1452 Προποντίς
1075 1357 1183 1431 οὐκέτι
1200 1357 1275 1431 οὐδὲ
1290 1388 1358 1430 πα-

272 1477 394 1567 ρέφανέ
409 1497 440 1540 τι
457 1472 515 1540 τοῦ
530 1468 664 1549 ὕδατος.
701 1459 803 1538 Εἶπεν
820 1466 864 1538 ύν
880 1495 930 1550 τις
950 1465 1164 1557 ἁμιλλᾶσθαι
1182 1473 1222 1562 τῇ
1238 1474 1358 1556 Μεγα-

270 1579 400 1652 λοπόλει
415 1579 595 1662 τηνικαῦτα
612 1578 670 1660 τήν
683 1575 765 1648 καθ’
780 1574 868 1666 ἡμᾶς
882 1576 1076 1661 θάλασσαν,
1093 1565 1358 1663 πεπνκνωμένην,
1427 1591 1428 1620 ³

270 1691 379 1777 ώοπερ
398 1690 501 1770 ἐκείνη
519 1694 587 1765 τοῖς
606 1682 878 1773 οἰκοδομήμασιν,
900 1681 986 1756 οὕτω
1007 1690 1062 1754 καί
1084 1683 1190 1775 αύτήν
1210 1695 1280 1766 τοῖς
1299 1713 1357 1756 με·

269 1801 473 1896 ταφορητοῖς
486 1792 616 1875 τούτοις
626 1791 811 1883 οἰκήμασιν.
824 1783 894 1865 Ἠν
908 1796 1088 1878 τηνικαῦτα
1100 1795 1212 1882 σχῆμα
1223 1819 1311 1880 ναυμ
1316 1823 1357 1862 α-

265 1909 342 1996 χίας
362 1905 526 1992 μεγίστης.
553 1904 625 1994 ij
643 1909 842 1999 σαλπίγγων·
865 1899 984 1992 εἰρεσία
1005 1901 1169 1982 σύντονος·
1192 1904 1355 1990 ἐξελιγμοί

271 2014 420 2103 δρόμων·
448 2009 622 2102 ἐμβοήσας
641 2009 828 2101 ναυάρχων·
854 1997 1033 2098 λαμπηδὼν
1054 2003 1178 2080 ὅπλων·
1204 2015 1261 2078 καὶ
1282 2008 1302 2078 ὁ
1323 2017 1355 2085 ε,-

269 2128 383 2194 κείθεν
405 2126 473 2201 τοῖς
497 2121 679 2210 νανμύχοις
701 2117 878 2212 φρυαγμὸς
901 2117 996 2190 οὐδὲν
1019 2121 1141 2188 ἐνέλιπε
1164 2115 1293 2205 μα’χης,
1324 2110 1357 2184 εί

267 2233 313 2321 μή
336 2223 388 2299 ίίτι
408 2227 531 2319 ἐχθρὸς
553 2225 735 2312 [εύύτούκ]
757 2227 994 2314 ἀντιμέτωπος.
1037 2208 1107 2294 Καί
1128 2219 1213 2312 ἅπερ
1234 2229 1355 2302 ἐκεῖνος

267 2336 381 2409 πείθοι
398 2334 589 2425 τραύματα,
610 2333 851 2426 προσεπιθήσω
871 2337 911 2430 τῇ
926 2332 1070 2422 διηγήσει
1090 2330 1211 2430 ταύτῃ,
1231 2337 1288 2404 καί
1310 2328 1353 2410 ὡς

268 2443 328 2518 ούκ
349 2447 484 2526 ἔκτοπος
504 2442 525 2530 ή
545 2443 677 2529 σύναξις
698 2443 796 2528 αὕτη,
830 2440 905 2512 οὐδὲ
926 2443 962 2526 ἐξ
981 2438 1166 2527 ἀλλοδαπῆς
1186 2438 1205 2529 ή
1229 2440 1352 2510 σύντα-

266 2543 338 2641 ξις,
355 2552 442 2623 οίλλίι
466 2554 610 2641 στρατὸς
628 2561 690 2641 μὲν
709 2545 805 2632 οὗτος
824 2549 985 2639 ἰθαγενής
1004 2546 1184 2628 πολλοστὸς
1204 2551 1239 2632 ἐξ
1258 2547 1352 2635 ήπεί-

268 2687 345 2748 ρον,
376 2667 431 2730 καλ
452 2665 521 2741 τοῖς
543 2665 709 2748 μεγίστοις
729 2667 793 2729 τῶν
814 2659 938 2732 πόλεων
961 2656 1148 2752 τρόφιμος,Ι
1165 2660 1221 2726 κοιλ
1244 2653 1352 2736 αὐτὴν

267 2769 435 2838 ἐπιλείπων
454 2765 619 2840 οὐδέποτε·
642 2773 677 2838 αἱ
696 2774 730 2838 δὲ
749 2777 825 2858 νῆες
842 2775 876 2837 ἐκ
894 2767 952 2856 τής
970 2762 1138 2853 ἐγγυτάτω
1157 2761 1350 2851 περιχώρου,

265 2869 308 2960 ἢν
323 2874 367 2955 εἰς
381 2875 459 2946 ὅλον
472 2873 626 2967 ἡμερινὸν
640 2877 723 2964 ταχύ
739 2874 966 2965 περιτρογυίσει
986 2898 1037 2952 τις
1053 2869 1155 2956 ἥλιον.
1200 2874 1349 2940 Τοιαῦτα

209 2998 214 3012 ’
264 2982 326 3070 ἐγώ
344 2985 403 3070 μὲν
419 2987 510 3054 εἴπω·
546 2985 628 3054 owe
644 2979 815 3065 ἀκούοντες
835 2977 1101 3068 λκπεπλήξονται,
1129 2984 1184 3048 καί
1206 2975 1348 3064 θαυμιί·
1427 2979 1428 2986 '

266 3114 384 3160 σονται
411 3091 452 3160 ού
468 3091 572 3179 μόνον
595 3093 634 3162 τὸ
658 3094 829 3180 βασιλικὸν
855 3094 1014 3163 ἐνταῦθα
1032 3093 1226 3176 προμηθὲς,
1262 3083 1348 3154 σίλλίι

230 3213 235 3220 “
265 3188 382 3281 καλτδ
399 3196 643 3288 πολνδύναμον·
686 3205 741 3270 καί
764 3203 810 3287 τῷ
836 3198 1033 3285 αὐτοσχεδίῳ
1055 3194 1160 3289 τούτῳ
1182 3191 1347 3282 βασιλικῷ

263 3308 446 3400 θαυμασίῳ
467 3306 506 3376 τύ
526 3308 590 3376 τῶν
610 3307 838 3397 μελετωμένων
864 3302 1137 3391 σννεννοήσονται
1161 3298 1348 3392 μεγαλούρ·

204 3439 208 3449 ·
263 3440 374 3502 γημα,
394 3418 450 3485 καί
470 3422 664 3502 σκέψονται,
685 3422 711 3484 εί
732 3415 775 3484 τὰ
795 3422 828 3487 ἐκ,
847 3421 907 3485 τού
926 3411 1175 3501 παρατυχόντος
1194 3411 1347 3490 τοιαῦτα,

263 3521 364 3598 ὁποῖα
392 3521 436 3590 τύ
465 3525 522 3610 τῆς
545 3524 679 3609 χρονίου
698 3525 875 3609 διασκευῆς.
920 3522 960 3589 Τί
981 3525 1016 3590 δε
1038 3516 1097 3590 ούκ
1119 3517 1161 3587 ίίν
1180 3513 1303 3611 ποιήσῃ
1326 3511 1345 3584 ὁ
1427 3607 1428 3610 ¹

259 3635 345 3720 χειρί
370 3630 473 3727 ταύτῃ
496 3633 559 3720 μιᾷ
583 3632 819 3702 καταπαλαίιιν
844 3629 926 3718 ἔχων
953 3626 991 3698 τὸ
1018 3622 1286 3702 ἀνθιστάμενον,
1317 3617 1349 3692 εἰ

224 3807 227 3820 ,
261 3731 314 3811 ’καί
337 3735 382 3819 είς
401 3739 611 3830 ἑκατόγχειρα
631 3735 914 3828 σιευασθήσεταις
952 3733 997 3804 Εἰ
1015 3739 1049 3804 δὲ
1066 3740 1122 3802 καὶ
1138 3735 1225 3821 κῦμα
1241 3723 1282 3799 ἓν
1298 3726 1346 3810 εἰς

260 3846 493 3936 κατακλυσμὸν
512 3854 582 3929 τοῖς
603 3851 740 3937 ἐχθροῖς
762 3843 1008 3937 ἐπιρρυὴσηται,
1029 3848 1063 3912 τί
1081 3839 1124 3912 σίν
1143 3839 1293 3910 πάθοιεν
1311 3838 1346 3906 οἱ

258 3956 471 4043 πολυκυμίαις
489 3962 524 4026 ἐκ
543 3961 703 4045 βασιλέως
721 3960 913 4042 πολεμικαῖς
934 3948 1182 4040 ἑμπεσούμενοις
1225 3947 1344 4015 Ταῦτα

259 4053 374 4124 ίκεῖνυι
394 4058 655 4144 ἐπιλογίσανται,
679 4058 734 4124 καί
754 4053 887 4138 πάντως
906 4051 981 4126 οίιαλ
1007 4056 1054 4148 τῷ
1076 4053 1171 4122 ἔθνει
1188 4044 1343 4136 ἆναβοή·
