2890 4774
138 418 206 514 ιι.]
338 439 593 492 ευετετιιιυε
620 399 1020 492 τυεεεειόυιοαυειε.
1143 425 1219 502 429

138 621 207 685 τωρ
227 594 279 661 λπλ
299 596 368 660 πᾶν
387 590 514 671 ίθνος,
555 582 641 658 οὕτω
660 593 716 656 καὶ
736 589 755 656 ὁ
774 588 1010 678 κατηχητήριος
1029 599 1148 677 ἐκεῖνος
1166 603 1220 671 ἕιτλ

138 706 270 784 πάντας
295 702 430 788 λόγους,
462 695 512 781 οἷς
538 700 786 785 άπονενὲμητοιι.
829 692 914 783 Ἕγολ
941 705 997 767 καλ
1023 698 1066 782 ὡς
1093 702 1219 794 κόσμον

81 841 87 862 ’
140 813 245 886 αὐτόν
272 809 438 912 εθεοίρουν
468 810 643 896 βασιλικοῦ
671 800 893 893 διαδήματος,
936 799 1035 898 ούιιερ
1066 811 1124 881 ούκ
1151 817 1220 886 ἔστι

145 919 278 996 θέσθαι
303 926 442 1007 τίμημα.
475 916 716 1012 Ἕφωσφόρουν
738 919 773 983 ἐν
795 914 887 1008 αύτῷ
907 921 940 985 ολ
960 924 1032 1008 περὶ
1052 927 1109 1003 τῆς
1127 919 1223 1011 άρχι.
1304 993 1311 1008 ⁴

145 1028 259 1128 φώτου
281 1024 414 1117 τριάδος
434 1024 529 1112 λόγοι
550 1028 592 1108 ὥς
613 1023 775 1095 διάλευκοι
795 1023 974 1114 μάργαροι.
995 1013 999 1024 ’
1021 1023 1223 1117 Ἐξέλαμπον

148 1138 192 1220 ὥς
213 1143 257 1218 είς
278 1134 482 1223 πυραύγειαν
504 1132 677 1223 άνθρακος
700 1135 740 1201 τὰ
757 1139 815 1218 τῆς
835 1135 934 1211 θείας
953 1133 1124 1220 τοῦλόγου
1142 1164 1225 1231 σαρ·

142 1247 285 1329 κτίσεως,
306 1243 345 1315 ὃν
365 1245 489 1332 τρόπον
508 1243 616 1332 ἕτερον
637 1247 691 1311 καί
709 1239 853 1319 Ἡσαΐας
872 1238 1033 1329 άνθρακα
1052 1244 1227 1335 ἐθεώρησε.

151 1358 199 1427 Τό
226 1359 261 1424 ἐν
288 1349 394 1441 βάθει
421 1355 485 1420 τῶν
510 1351 684 1441 νοημάτων
705 1353 865 1444 διαφανὲς
887 1349 930 1429 ὠς
950 1353 1101 1438 λυχνίτης
1121 1349 1225 1438 ίιιιηὺ.

145 1470 261 1558 γαζεν,
290 1455 327 1542 ός
356 1459 420 1530 οἶδε
446 1465 675 1551 κατεπιχιιρείν
702 1461 761 1548 τῆς
790 1455 922 1539 νυκτός,
952 1461 1160 1545 πυρεκβολῶυ
1188 1471 1223 1531 ἐκ

0 1566 9 1593 ί
88 1645 92 1660 ,
148 1573 285 1667 βάθους
311 1569 372 1659 τὴν
401 1571 648 1664 φωτοφάυειαν.
690 1567 913 1656 Ἕταιτείυους,
942 1571 1106 1655 βασιλέων
1131 1564 1228 1658 ὑπέρ·

151 1710 247 1766 τατε,
270 1677 425 1761 σεαυτόν,
444 1685 501 1749 καὶ
524 1679 608 1750 οὕτω
629 1675 667 1748 τό
686 1677 746 1748 σόν
765 1677 908 1764 ὕψιστον
927 1684 971 1757 είς
992 1680 1050 1747 ἕνα
1067 1680 1130 1745 τῶν
1148 1681 1228 1747 πολ-

152 1793 217 1860 λῶν
232 1791 455 1874 κατεβίβαζες·
477 1792 531 1857 καί
549 1775 590 1874 ἦν
607 1792 705 1855 τοῦτο
726 1789 761 1854 δὲ
776 1793 898 1874 χρυσέα
917 1783 1106 1874 στιλβηδὼν,
1127 1787 1229 1878 ὡραΐ-

151 1903 253 1984 ζουσα
275 1885 314 1965 τό
336 1893 490 1982 διάδημα.
523 1897 592 1962 Ka}
617 1893 683 1981 γάρ
708 1920 759 1961 τοι
782 1900 837 1963 καὶ
866 1887 1027 1984 όχροσός
1047 1898 1138 1964 θέλει
1156 1877 1229 1985 μίν,

151 2013 240 2096 εἴπερ
265 2031 314 2082 τις
338 2003 430 2090 ίτέροι
455 2004 518 2071 τῶν
544 2004 659 2090 τιμίων
684 1999 784 2084 ὑλῶν,
813 1999 903 2073 κάτω
930 2007 1113 2098 φέρεσθαι·
1145 2001 1230 2075 ἆρα.

152 2119 274 2203 στίλβει
300 2103 334 2180 δὲ
358 2109 447 2196 ὅμως
474 2108 518 2192 εἰς
543 2109 604 2198 τὴν
625 2107 712 2197 άγαν
732 2107 960 2200 λαμπρότητα.
1006 2103 1050 2188 Ὦ
1070 2111 1229 2199 γλυκύτης

152 2227 289 2314 ὁμιλίας.
304 2212 353 2289 ’Ὦ
374 2221 515 2298 πλοῦτος
534 2216 770 2306 ἐπιχειρήσεων.
792 2212 836 2287 Ὦ
850 2215 1029 2312 Ινοημάτων
1041 2219 1162 2307 βυθός,
1182 2249 1232 2292 τι-

152 2335 304 2420 θεμένων
330 2325 468 2407 σκότους
493 2327 693 2420 ἆποκρυφὴν
717 2329 764 2414 τρῖ
782 2322 972 2420 βαθυτάτην
994 2332 1052 2415 τῆς
1073 2327 1231 2415 γνώσεως.

144 2430 192 2512 Ὠ
216 2437 371 2530 ῥημάτων
393 2439 477 2528 φολς,
506 2434 681 2522 διαυγάζου
700 2435 738 2504 τό
756 2434 871 2522 βάθος
898 2437 961 2504 τῶν
978 2441 1164 2523 νοουμένων
1183 2431 1232 2526 ’τρῑ

153 2547 284 2641 ἠλιάδει
307 2553 364 2628 τῆς
387 2541 550 2635 φράσεως.
574 2533 618 2612 Ὦ
642 2545 775 2630 γλῶσσα
800 2547 915 2634 πυρίνη
940 2543 1138 2631 πνεύματος,
1169 2572 1232 2634 με*

155 2661 305 2748 ριζομίνη
323 2659 384 2740 μὲν
404 2656 572 2732 ποικίλως,
604 2648 756 2728 ἑκάσταις
779 2654 813 2718 δὲ
837 2659 959 2743 ψυχαῖς
979 2653 1064 2721 καθ’
1087 2649 1230 2739 όλότητα

155 2760 416 2853 εναρμόττουσοι,
443 2759 532 2825 ἔνθα
554 2763 607 2826 καὶ
627 2762 723 2827 πλέον
748 2763 849 2828 ἔκειτο
874 2757 911 2826 τό
934 2761 1053 2841 ξενίζον
1072 2768 1131 2829 τοῦ
1148 2760 1233 2850 πρά-

52 2871 66 2884 ’
155 2898 299 2964 γματος,
321 2872 378 2936 καὶ
397 2869 492 2934 πλείω
518 2865 559 2933 τά
583 2869 643 2933 τοῦ
665 2867 844 2953 θαύματος
868 2866 924 2936 διά
946 2865 1006 2951 τὴν
1026 2865 1234 2958 ίὸιοτροπίαν

156 2985 216 3054 τοῦ
233 2975 423 3069 κράματος.
473 2972 521 3042 Ού
546 2971 613 3061 γάρ
647 2983 714 3053 τοῖς
748 2977 821 3062 περὶ
850 2970 967 3061 λόγους
994 2983 1056 3065 μὲν
1088 2972 1107 3046 ό
1136 2975 1235 3062 λόγος

156 3099 273 3168 ἐκεῖνος
296 3074 336 3169 ἦν
360 3079 566 3173 εὐπρόσιτος,
601 3083 730 3165 ἐξέκλειε
753 3084 787 3149 δὲ
811 3081 869 3163 τὴν
893 3081 1085 3174 ίδικωτέραν
1110 3083 1235 3172 άκρόα-
1285 3085 1293 3096 ’
1337 3157 1342 3168 ,

158 3218 226 3268 σιν·
263 3185 305 3264 οιύ
328 3191 429 3262 πάλιν
450 3192 612 3283 ἐφείλκετο
634 3197 695 3262 ιιέν
717 3188 774 3258 τόν
795 3187 1019 3280 ἁπλούστερον
1040 3190 1235 3281 ἄνθρωπον,

1 3297 3 3305 ⁸
51 3392 54 3397 ,
160 3303 179 3378 ό
208 3308 241 3374 δὲ
265 3305 324 3369 τού
349 3301 450 3388 λόγου
475 3295 637 3392 τρόφιμος
664 3303 766 3383 μηδὲν
793 3303 922 3369 ἐκεῖθεν
945 3300 1027 3392 ἔχων
1052 3300 1233 3390 άπὴρχετο·

162 3411 238 3485 οὐδὲ
260 3408 298 3479 τὸ
317 3413 377 3494 μέν
396 3435 428 3476 τι
447 3409 505 3490 τοῦ
524 3404 623 3492 λόγου
642 3405 769 3506 τούτοις
790 3416 833 3487 ελς
849 3408 978 3502 ὄφελος,
1000 3410 1038 3482 τὸ
1057 3408 1087 3480 δ’
1108 3419 1238 3494 ἐκείνοις

88 3555 90 3559 ,
161 3522 380 3609 άπεμερίζετο.
424 3513 522 3584 Ἀλλά
544 3521 597 3586 καί
621 3513 658 3584 τό
683 3515 788 3584 καλόν
811 3517 978 3604 ὁμοτίμως
999 3522 1097 3588 παντὶ
1119 3527 1166 3612 τῷ
1183 3516 1239 3587 λό-

162 3657 211 3717 γφ
235 3631 407 3713 ὲνὲλαμπε,
439 3629 494 3691 καὶ
523 3617 612 3703 άπας
638 3619 845 3710 άκροιόαενος
872 3617 951 3692 όλου
978 3613 1018 3711 ἦν
1041 3635 1101 3694 τοῦ
1123 3629 1239 3696 καλοῦ.

147 3734 299 3825 -Ἒχοαεν
326 3741 434 3803 τοίνυν
455 3727 510 3799 ’διά
534 3739 639 3798 ταῦτα
662 3727 844 3816 ὑπόδειγμα
869 3737 924 3799 καλ
952 3735 1047 3801 τοῦτο
1070 3730 1242 3821 κράματος

166 3841 260 3913 ίδεοῖν
292 3837 591 3924 δυσκατεργάστου,
627 3843 906 3924 τεθρολλουμίνου
937 3855 1006 3920 τοῖς
1036 3841 1243 3934 γράφουσιν,

167 3945 248 4036 ὅπερ
274 3951 341 4018 ἔστι
371 3948 409 4018 τό
434 3953 630 4031 συναγαγεῖν
654 3942 696 4022 είς
721 3941 758 4013 ἓν
785 3947 959 4033 νοημάτων
982 3946 1164 4042 σεμνότητα
1189 3954 1245 4016 καὶ

137 4119 141 4128 ,
168 4056 368 4143 λεπτότητα,
397 4063 453 4127 καὶ
478 4058 525 4144 τῷ
553 4057 613 4124 τού
638 4052 736 4141 λόγου
763 4052 921 4148 ἐξάρματι
944 4059 1159 4145 ἐγκαταμίξαι
1184 4051 1245 4136 τάς
