2874 4776
242 419 299 470 XL
626 417 933 469 PROOEGOMEMr

242 571 310 656 ajon
329 578 434 634 sector
453 560 493 630 als
511 561 692 651 imperatore
712 564 805 630 Decio
825 578 889 628 toto
908 545 1013 630 secnlti
1031 562 1144 643 distet,
1165 561 1235 650 plns
1253 586 1320 630 ιιο-

243 667 464 751 nescienter,
485 690 575 755 quarn
594 669 621 735 si
637 668 725 734 Decii
745 691 822 735 aevo
841 669 971 757 scriptus
989 683 1082 736 esset.
1121 667 1223 736 Vides
1241 669 1320 736 enin

244 778 297 844 rel
323 774 426 840 seculo
454 789 560 860 qosrto
589 773 837 842 Thessalonicam
861 773 966 842 nrhent
991 775 1036 856 (is
1055 774 1168 858 loliani
1191 776 1318 852 umus)

245 881 306 952 diei
325 905 395 946 verr
416 877 583 946 Graecast.

325 1008 441 1069 Verum
458 1001 517 1067 hee
535 1001 754 1068 dissertationis
772 1015 893 1070 nndrsa
911 1014 997 1089 perte
1014 1001 1212 1090 predicanda
1227 1025 1321 1090 qnae·

243 1113 315 1178 dam
329 1110 367 1173 de
379 1107 580 1192 metropoleon
592 1105 724 1187 nostine,
744 1108 824 1192 qood
839 1107 921 1194 epod
935 1122 1053 1173 veteres
1065 1107 1116 1174 isti
1130 1107 1246 1175 civitati
1258 1134 1319 1176 non
1337 1145 1340 1152 ν

243 1216 339 1284 cernel
363 1211 520 1278 trihnitnrr
550 1210 770 1293 diligentiorem
791 1211 880 1297 hujus
900 1209 1055 1297 dignitatis
1073 1213 1319 1298 ponderationem

243 1319 321 1408 parti
341 1314 563 1402 geographicae
584 1319 629 1402 (p.
646 1313 795 1395 stt-ts.)
816 1339 1018 1383 remesses.
1057 1317 1198 1382 Meam
1223 1318 1320 1382 totius

233 1425 456 1492 Macedoniae
475 1425 615 1509 (antipa
637 1424 694 1508 τῆς
714 1421 823 1506 πάσης
839 1469 848 1490 .
866 1471 876 1491 .
896 1424 1125 1504 Μακεδονίης)
1147 1421 1317 1509 Antipatro,

244 1544 352 1618 peetse
378 1526 643 1594 Thessalonicensi
667 1529 724 1594 suh
750 1529 865 1595 (lhristi
892 1530 1019 1611 natalie,
1055 1528 1159 1594 nrhern
1185 1540 1318 1604 nostran

243 1632 361 1713 andire,
376 1655 466 1719 snpra
480 1632 646 1698 monuimus
658 1656 690 1719 p.
699 1635 843 1700 XXVll.
864 1635 953 1716 Quod
965 1657 1072 1700 nomen
1085 1630 1182 1716 megia
1191 1631 1320 1718 opnlen·

244 1738 316 1802 tiam
337 1737 423 1822 ejus,
456 1759 545 1822 quam
564 1736 740 1822 dignitatern
761 1760 835 1802 vere
854 1739 972 1804 civilem
996 1760 1032 1803 ac
1050 1737 1201 1826 politicen
1222 1735 1318 1820 nigni-

190 1843 348 1932 aehosre,
369 1863 429 1906 non
449 1856 495 1908 est
515 1842 595 1928 qnod
616 1844 627 1902 l
649 1841 746 1908 insius
764 1865 913 1911 moneant.
941 1843 1042 1908 Aliter
1061 1843 1100 1906 de
1116 1843 1320 1926 metropoleon

245 1946 364 2011 nomine
379 1946 576 2030 judicandum
595 1961 658 2026 est,
680 1947 760 2033 qnod
780 1962 880 2014 tannen
900 1962 1049 2014 nonanta
1069 1946 1188 2012 tertium
1204 1943 1320 2011 christi

244 2049 379 2114 seculum
399 2049 763 2132 inThessaloniccnsisnt
782 2051 981 2118 monumentis
1000 2075 1166 2134 opportere,
1189 2054 1322 2138 eSpan·

244 2152 344 2220 henric
371 2168 486 2220 constat
511 2155 602 2233 (ort.
629 2161 718 2222 Rom.
748 2157 874 2223 exercit.
896 2162 939 2223 ΙΙ.
967 2178 1035 2241 csp.
1056 2145 1118 2222 lX.
1145 2154 1196 2220 ed.
1216 2153 1317 2218 Lond.

243 2281 276 2345 p.
294 2258 386 2339 289,
408 2259 629 2327 coll.'1lclrhel.
651 2267 693 2326 D.
710 2264 755 2327 V.
774 2263 813 2326 N.
835 2265 875 2327 T.
893 2264 923 2328 2.
944 2284 976 2348 p.
992 2261 1072 2340 8⁰).
1113 2263 1154 2323 Et
1172 2249 1321 2323 mentera·
1419 2275 1420 2280 ’

243 2363 308 2429 hile
328 2380 375 2429 est
394 2364 503 2443 inllsee
518 2389 564 2446 re,
585 2349 666 2451 qnod
677 2364 777 2429 iidem
797 2364 1006 2452 imperatorum
1025 2361 1109 2430 nunti
1122 2361 1321 2427 Thessaloni-

243 2493 367 2550 censes,
397 2467 455 2552 qni
478 2469 631 2534 civitstern
658 2482 790 2532 nostram
815 2468 963 2534 coloniens
988 2469 1109 2550 dicunt,
1144 2488 1212 2532 earn
1231 2465 1322 2532 simul
1419 2481 1420 2506 ¹

242 2575 445 2658 metropoleon
465 2573 584 2637 nomine
604 2588 728 2654 ornent,
749 2570 909 2639 Valeriani
928 2573 1067 2659 inquern,
1088 2570 1241 2653 Gallieni,
1261 2573 1321 2636 Sa·

242 2676 365 2742 loninse
384 2673 501 2756 (llolrh.
519 2675 542 2739 l.
558 2699 586 2741 c.
607 2675 754 2742 Mionnet.
776 2677 918 2765 descript.
939 2677 978 2742 de
997 2673 1131 2743 medaill.
1150 2687 1213 2740 ant.
1236 2677 1276 2739 T.
1291 2679 1320 2741 1.

167 2785 176 2792 ’
241 2802 274 2866 p·
292 2780 394 2860 5⁰40).
442 2779 503 2846 Sed
524 2795 594 2847 ante
613 2779 670 2845 hos
688 2779 883 2868 imperatorer
900 2779 1048 2847 Herennii
1066 2776 1322 2844 Thessalonicen·

242 2884 285 2949 sis
312 2905 419 2950 numus
446 2882 537 2971 (imp.
563 2884 680 2966 Decio)
708 2901 900 2952 neocoratnrn
926 2900 957 2951 et
982 2877 1182 2970 metropoleos
1208 2905 1320 2946 nomen

236 2987 359 3074 jungit,
386 2987 457 3053 coll.
484 2989 585 3055 llckh.
613 2991 637 3057 Ι.
655 3013 683 3056 c.
723 2993 758 3054 ln
783 3013 873 3055 numo
898 3004 998 3055 autern
1028 2987 1112 3054 urhis
1139 2999 1319 3069 antenoreo,

241 3091 295 3174 qni
321 3103 421 3156 tamen
443 3090 549 3175 judice
574 3093 723 3159 Echhelio
743 3095 767 3158 Ι.
788 3116 817 3159 c.
841 3115 874 3178 p.
892 3095 944 3160 78.
966 3092 1053 3161 Decii
1073 3114 1166 3180 regno
1186 3090 1243 3157 vix
1262 3113 1321 3156 an·

239 3193 354 3279 tiquior
373 3209 439 3276 est,
468 3195 576 3266 cedent
595 3197 715 3262 nomine
734 3198 922 3283 copulantur.

321 3299 431 3365 Gothia
449 3299 739 3367 Thessalonicenses
758 3303 875 3368 sortiter
894 3301 1060 3383 restitisse,
1086 3321 1178 3388 snpra
1199 3299 1321 3366 monni-

237 3423 308 3466 mun
330 3426 361 3487 p.
379 3406 544 3469 XXXVll
552 3429 563 3486 ;
585 3407 670 3491 cnjus
684 3407 783 3472 landis
798 3423 911 3495 partem
927 3406 1062 3472 coloniae
1077 3427 1097 3470 a
1111 3405 1205 3472 Decio
1218 3404 1319 3491 impe·

239 3521 358 3587 satore,
396 3507 450 3592 qui
480 3532 546 3576 cunr
575 3510 684 3576 Gothis
711 3509 854 3598 deinceps
877 3511 908 3576 in
929 3510 1048 3578 Moesia
1069 3507 1256 3590 decertavit,
1286 3508 1320 3576 in

237 3611 343 3675 orbem
371 3610 520 3679 deductae
555 3614 677 3694 debari,
714 3638 773 3681 non
803 3630 850 3681 est
881 3615 960 3702 qnod
989 3614 1080 3680 valde
1100 3603 1314 3706 'eddnhitetu'n

238 3715 349 3783 Paucis
370 3715 457 3781 annis
478 3717 640 3802 interjectis
659 3717 720 3784 alia
739 3719 873 3804 seqnitur
893 3719 1058 3784 Gothonrrn
1079 3716 1215 3797 obsidio,
1245 3715 1318 3782 hre-

240 3823 321 3896 „viter
340 3837 503 3888 memorata
518 3823 671 3889 Trebellio
687 3821 816 3889 Pollioni
834 3821 866 3887 in
884 3821 1013 3889 Claudio
1029 3843 1096 3909 esp.
1108 3822 1162 3886 lh:
1182 3823 1319 3903 Pugne-
1419 3845 1420 3900 ᾗ

239 3939 307 3992 arm
325 3927 415 4010 apud
432 3927 734 4006 Thessalonicenses,
753 3950 830 4012 quor
846 3926 979 3992 Claudio
994 3927 1120 3995 adema
1134 3925 1320 3994 obsederant
1419 3933 1420 3990 ἶ

239 4029 381 4098 baem
435 4031 577 4100 Pleniors
598 4032 740 4102 Zosimus
764 4045 898 4122 praestet
922 4031 998 4100 hist.
1015 4033 1056 4116 1,
1073 4030 1144 4103 tar
1174 4026 1238 4102 Aa
1264 4055 1320 4102 roo
1418 4041 1420 4056 ‘
