2864 4778
227 433 230 440 '
265 453 416 506 uxxxvr
649 453 955 506 raosaooorsss.

260 606 308 674 ris
332 603 442 672 asseri
467 598 710 666 denuntiationes
736 601 842 669 detulit
866 603 1015 670 adversus
1039 603 1265 672 lluaabiaorum
1293 627 1339 670 re-

262 731 345 796 gen,
365 706 485 774 nomiae
504 703 706 784 Perbundum,
726 707 820 772 voluti
841 708 893 792 qui
912 710 1022 776 adsuta
1041 710 1199 796 animoque
1218 710 1339 776 iraudu-

261 813 346 881 lento
366 813 446 881 strala
463 809 611 876 adversus
626 807 874 878 Thessalonicam
892 813 1086 882 meditaretur
1102 817 1185 894 (ΔΑ.
1197 815 1257 880 88.
1273 813 1296 878 Ι.
1311 835 1337 882 a.

234 918 457 1004 -nap.185.).
503 913 561 980 cut
588 911 734 979 delationi
760 916 852 982 fidem
880 916 998 984 babens
1027 917 1189 1004 imperator
1220 923 1339 996 (nomon

262 1022 332 1104 ejas
349 1028 426 1087 Aeta
444 1018 547 1086 Sancti
567 1041 650 1084 mors
668 1039 725 1085 suo
743 1019 918 1104 omittunt),
940 1022 1091 1109 praelecto
1111 1023 1283 1106 menolarit,
1310 1036 1340 1088 ut

238 1125 635 1212 1rsgemillum((iriya),
665 1145 785 1209 quoquo
813 1126 901 1191 modo
927 1126 987 1192 sibi
1007 1125 1179 1210 rideretur,
1208 1128 1338 1194 mamam

211 1229 346 1298 blllerro
367 1233 434 1299 lad
458 1231 559 1312 aulam
583 1228 768 1317 imperialem
796 1229 941 1312 mitteret,
973 1230 1022 1296 oui
1049 1230 1145 1316 jussui
1165 1231 1339 1318 obsequium

262 1358 324 1406 noa
351 1337 459 1404 deluit.
510 1333 704 1414 Perbundos,
733 1333 772 1398 iis
800 1332 908 1400 diebus
934 1334 1171 1403 Thessalonicae
1195 1359 1338 1418 versans,

263 1440 433 1526 corripitur,
450 1439 590 1524 ferroque
604 1437 723 1504 vinetus
736 1438 1017 1526 Constantinopolin
1032 1440 1242 1508 transmittitur
1256 1444 1340 1524 (Ad.

261 1549 322 1612 88.
343 1546 367 1612 l.
388 1567 416 1611 o.
438 1567 505 1632 oap.
529 1543 600 1610 186.
619 1567 650 1630 p.
671 1539 771 1616 174).

345 1653 393 1715 Ea
416 1671 451 1716 re
476 1647 580 1715 audito
606 1644 695 1712 binae
714 1644 852 1712 nationes
871 1645 1029 1733 slavicae,
1057 1670 1101 1715 se.
1123 1647 1340 1728 Rusebini,
1371 1691 1379 1710 .

264 1775 390 1841 qaorum
416 1773 473 1819 rex
497 1749 676 1816 Perbuados
701 1764 784 1832 erat,
822 1764 853 1815 et
879 1753 1111 1842 Strymonii,
1141 1776 1196 1839 per
1221 1751 1340 1818 anatim

262 1860 304 1928 ab
323 1858 515 1942 imperatore,
534 1879 601 1922 aum
617 1854 778 1921 Saranenis
799 1870 859 1920 turn
878 1857 1020 1944 temporie
1041 1856 1187 1940 bellante,
1206 1859 1341 1945 postola-

264 1978 349 2041 runt,
376 1986 414 2028 ne
434 1986 503 2029 eum
522 1961 720 2043 interficeret,
750 1959 884 2033 sedsibi
904 1961 1079 2028 remitteret.
1120 1963 1340 2048 Respondetur,

261 2057 351 2133 ,finito
384 2066 463 2134 bello
482 2065 668 2132 Saraaeniool
688 2065 843 2130 remissura
868 2063 907 2130 iri
929 2066 1138 2147 Perbundom3
1167 2066 1249 2152 quod
1269 2065 1342 2132 irato

263 2195 367 2238 eorum
387 2173 427 2236 ad
447 2187 564 2257 tempus
582 2167 715 2236 sedarit.
754 2168 931 2234 Perbundus
951 2192 1035 2249 vero,
1051 2170 1179 2252 juvente
1197 2171 1344 2256 Caesare·

265 2301 349 2348 orum
370 2276 564 2364 interpretum
583 2297 660 2354 uno,
682 2273 754 2354 luga
774 2273 912 2359 elapsus,
932 2273 972 2341 ad
992 2273 1069 2340 alios
1086 2273 1246 2341 Solarinos
1264 2278 1343 2361 (By-

264 2383 366 2450 aaatio
392 2397 464 2468 puto
489 2379 663 2470 propiores)
691 2400 725 2441 se
752 2375 887 2440 cuntulit.
927 2379 1016 2458 Quod
1043 2379 1083 2444 ud
1110 2402 1196 2454 auom
1224 2394 1343 2465 gentem

264 2509 326 2551 aon
345 2485 493 2570 pervenit,
515 2488 549 2550 S.
564 2481 708 2548 Demetrii
725 2477 872 2546 benedicio
888 2482 1065 2570 Anonymus
1080 2481 1194 2548 tribuit.
1229 2480 1344 2564 Quodsi

267 2589 347 2653 enim
368 2589 406 2652 ed
422 2610 493 2651 suos
507 2585 652 2666 venisset,
673 2608 693 2651 a
710 2584 789 2648 bello
807 2583 900 2649 atroci
915 2585 1061 2652 adversus
1076 2586 1233 2673 imperium
1249 2593 1344 2655 Grae·

267 2715 369 2756 eorum
389 2693 444 2755 rix
465 2687 670 2754 abstinuisset.
711 2691 851 2755 ceterum
871 2689 1046 2755 Perbondus
1065 2692 1172 2775 eluga
1188 2708 1344 2773 retractus,

261 2799 351 2884 jussu
370 2795 559 2885 imperatoris
577 2793 751 2860 interlectos
770 2807 828 2859 est.
868 2797 1082 2860 Verumtamen
1103 2818 1142 2858 ne
1160 2793 1206 2859 sia
1225 2797 1345 2880 quidem

267 2901 589 2967 Thessalonicensibus
607 2923 627 2965 a
645 2899 725 2966 bello
745 2898 854 2984 quietio
874 2922 944 2974 essa
962 2900 1058 2966 liouit.
1098 2903 1234 2984 Namque
1254 2923 1276 2968 ¹a
1291 2924 1344 2965 ne·

266 3007 311 3070 eis
332 3008 490 3073 Perbundo
509 3007 613 3072 illatae
632 3021 766 3091 tempore
782 3005 885 3070 variae
903 3018 1009 3088 gentes
1023 3003 1176 3085 Sluvioae,
1197 3003 1343 3090 imprimis

267 3113 458 3198 Strymonii,
483 3112 667 3188 Runobirri,
695 3110 875 3192 Sogudots',
904 3107 984 3172 bello
1011 3109 1114 3174 urbem
1141 3110 1341 3174 lsoessebaat.

266 3222 316 3280 Aa
336 3215 462 3308 primunr
483 3215 603 3300 quidem
624 3213 723 3278 vicina
744 3214 842 3278 omnia
863 3215 939 3292 loon,
959 3212 1066 3278 ineolis
1085 3212 1117 3278 ia
1137 3212 1341 3299 captivitatem

266 3320 421 3401 abductis,
451 3319 571 3383 biennio
592 3300 710 3404 intepro
732 3318 865 3404 quotidie
885 3316 1059 3405 depraedati
1078 3332 1157 3384 suat.
1200 3322 1246 3384 llo
1269 3334 1343 3384 tem·

152 3503 155 3510 ²
267 3446 339 3509 pore
369 3445 434 3487 curu
463 3423 766 3504 Thessalonicenses,
795 3423 957 3492 obsidione
972 3422 1117 3505 ¹diuturna
1143 3423 1258 3508 pressi,
1290 3447 1343 3489 neo

267 3546 347 3594 terra
368 3551 423 3592 aso
443 3527 517 3593 mari
538 3527 690 3613 quidpiam
711 3550 847 3592 annonae
868 3527 928 3592 sibi
948 3549 1120 3613 comparare
1141 3545 1276 3615 possent,
1297 3531 1344 3594 sa·
1380 3587 1385 3596 ,

269 3659 332 3700 mes
353 3650 413 3698 taor
435 3634 535 3701 valida
557 3634 709 3699 civitatem
728 3632 858 3715 invasit,
886 3646 935 3714 at,
955 3631 1055 3697 multis
1074 3632 1144 3698 lieet
1163 3650 1287 3723 propter
1306 3635 1345 3700 il·

270 3903 321 3958 88.
346 3902 365 3957 1.
383 3904 448 3968 e),
479 3899 617 3966 iudicium
639 3903 724 3956 sunm
747 3901 784 3955 de
831 3897 880 3954 rit.
913 3903 981 3954 Rom
1001 3915 1042 3958 so.
1064 3917 1116 3973 pro
1135 3899 1206 3958 taus
1223 3899 1345 3971 iujusta-

202 4022 210 4032 ·
271 3987 409 4056 praelecti
439 3984 709 4042 Thessalonicensis
733 3987 785 4040 de·
831 4001 888 4058 que
905 3981 1014 4042 babuit.

272 4071 449 4144 lttrutiatioae
474 4070 566 4142 reguli
588 4069 693 4128 Slauici
715 4088 785 4144 ape·
