2890 4774
115 447 183 540 ιο]
317 457 571 522 nummus
596 467 997 521 τωεεεειουισευειε.
1121 443 1196 518 380

112 624 156 720 τῆ
183 616 312 708 ποιῆσει
337 605 584 700 καθεύδων,ἐίς
609 619 669 704 τὴν
696 623 906 706 ένεγκαμένην
933 619 1036 706 νῆσον
1065 621 1162 705 κομίζ
1175 659 1190 676 ·

118 757 187 800 ται.
228 721 331 797 Κατά
351 724 418 816 γάρ
437 726 497 797 τόν
514 731 695 800 θεσπέσιον,
708 723 829 813 Ἰακώβ
840 722 882 806 ὡς
895 731 1107 808 κατέπανοας
1125 729 1195 798 ἐπιι

116 840 252 909 τάσσων
272 847 341 916 τοῖς
361 833 447 904 κατά
470 845 598 925 πνεῦμα
620 841 702 914 υἱοῖς
721 859 789 915 σου,
811 829 930 922 ἐξάρας
946 839 996 904 έπλ
1012 840 1071 918 τῆν
1084 836 1196 918 κλίνην

117 947 198 1027 τούς
223 944 330 1024 πόδας
354 945 510 1028 ἐξέλιπες·
545 939 600 1016 ότε
619 950 675 1013 καὶ
696 937 800 1031 ύπαρ,
831 938 888 1011 ούκ
908 939 1006 1032 όναρ,
1034 942 1113 1014 κατ’
1132 944 1194 1012 αύ-

117 1054 178 1127 τδν
200 1050 318 1144 έόρας,
346 1050 385 1123 δν
405 1053 506 1134 αάτδς
527 1051 645 1124 ἑαυτὸν
665 1054 935 1141 διεβαθμίδωσας
955 1055 1116 1139 κλίμακα·
1148 1051 1195 1130 ἀς

116 1166 258 1253 κρηπίδα
286 1166 345 1249 μέν
372 1159 554 1250 βαλόμενος
585 1161 810 1249 πολιτιυτικῆν
835 1158 1117 1250 μετριοπάθειαν,
1152 1159 1194 1254 τῆ

115 1279 153 1344 δέ
173 1273 413 1362 μετριοπαθείηι
432 1269 494 1360 τῆν
513 1273 724 1363 καθαρτικὴν
743 1266 1085 1358 ἐποικοδομησάμενος
1104 1267 1195 1340 ἀπά-

117 1388 239 1462 θειαν,
269 1382 322 1449 ἐπλ
349 1383 385 1448 δέ
411 1381 452 1476 τῆ
477 1379 632 1475 ἀπαθείρι
657 1377 718 1469 τῆν
736 1377 855 1467 νοεράν
874 1381 1055 1466 ἐνέργειαν,
1086 1380 1137 1446 ἐπὶ
1158 1378 1193 1442 δέ

115 1493 158 1584 τῆ
177 1495 278 1582 νοερᾷ
297 1488 440 1580 ἐνεργείᾳ
460 1487 521 1577 τῆν
544 1491 597 1559 ἐπί
617 1495 701 1560 πάσι
714 1486 857 1580 βάθραν
871 1489 930 1575 τῆς
944 1485 1112 1565 θεωσεως·
1132 1478 1190 1578 ἐφ’

114 1597 230 1688 ἦνκαὶ
251 1593 386 1683 ἄγγελοι
404 1591 537 1676 πάντως
556 1597 736 1684 ἀνέβαινον
756 1603 812 1668 καί
828 1600 1039 1683 κατέβαινον,
1060 1591 1193 1664 ὁδοποι-

114 1710 228 1785 ούντίς
254 1728 309 1773 σοι
335 1704 395 1792 τῆν
423 1701 544 1774 ἀνοδον
571 1711 626 1776 καὶ
647 1709 895 1796 προπέμποντες
915 1701 1053 1774 ἀνιόντα
1074 1704 1110 1770 ’ἐκ
1130 1703 1193 1787 μέν

37 1853 39 1858 ·
114 1815 395 1901 συναγελαστικοῦ
422 1817 479 1883 καλ
505 1817 686 1883 σπουδαίου
715 1810 836 1902 ἀνδρὸς
861 1811 906 1892 εἰς
929 1814 1075 1902 θεωρίαν
1095 1833 1193 1879 κεκα·

112 1929 299 2012 θαρμένον,
320 1930 355 1990 ἐκ
376 1926 412 1990 δέ
432 1923 606 2010 θεωρητού
625 1921 707 2011 πρὸς
727 1921 851 2011 νοερόν,
870 1929 904 1991 έκ
923 1925 957 1991 δέ
976 1921 1091 2010 νοεροῦ
1108 1916 1192 2007 πρός

111 2033 207 2104 θεόν.
256 2025 347 2100 (δύτω
371 2034 427 2098 καλ
451 2025 472 2117 ῆ
499 2032 585 2099 κατά
612 2039 649 2100 σέ
674 2033 792 2117 κλίμαξ
816 2019 987 2119 ἐστῆρικύο
1011 2035 1073 2116 μὲν
1094 2029 1129 2095 ἐν
1148 2025 1189 2119 τῆ

96 2143 173 2235 -γῇ,
201 2142 263 2222 τὴν
288 2142 322 2207 δέ
344 2138 491 2232 κεφαλῆν
510 2131 594 2228 εἶχεν
614 2136 860 2233 ἀφικνουμένην
881 2135 924 2220 είς
942 2133 1102 2226 οὐρανὸν,
1127 2121 1186 2225 Ιἐφ’

111 2243 154 2339 ῆς
179 2253 235 2316 καὶ
262 2241 281 2316 ύ
309 2245 419 2336 κύριος
455 2231 698 2338 ἐπεστῆρικτο,“
719 2245 764 2326 εἰς
793 2243 831 2315 δν
857 2241 1006 2335 ἀνῆλθες
1033 2244 1067 2328 ἐξ
1094 2239 1187 2330 ῆμάν

112 2360 180 2428 τῶν
196 2359 305 2446 χαναλ
322 2358 504 2444 ἐρχομένων
524 2357 581 2425 διὰ
602 2363 661 2440 τῆς
682 2352 855 2444 ἀναγωγῆς
875 2353 998 2439 ταύτης
1016 2356 1192 2438 κλίμακος,

112 2462 196 2546 θεὸς
224 2461 373 2552 ἀγγέλοις
400 2471 553 2534 κατιοῦσι
588 2469 643 2536 καὶ
673 2467 864 2535 συνανιοῦσι
890 2460 1190 2556 δορυφορούμενος.

107 2573 237 2663 Ἐχοιμ’
259 2569 302 2640 ἀν
320 2575 444 2659 λέγειν,
464 2579 520 2642 καί
540 2567 583 2652 ὡς
602 2572 824 2654 ἀποστολικῶς
846 2572 905 2643 τὸν
925 2573 1051 2663 δρόμον
1069 2572 1191 2642 τετέλε-
1289 2567 1304 2588 ’

113 2709 185 2762 νιος.
223 2678 348 2766 Ἀμέλει
366 2705 420 2748 τοι
439 2685 495 2747 καί
516 2676 558 2758 ὡς
579 2681 614 2747 ἐν
633 2682 776 2775 φυλακῇ,
798 2682 847 2769 τῷ
865 2683 928 2770 βίῳ
949 2684 1048 2768 τῷδε,
1074 2681 1131 2748 καί
1149 2671 1192 2746 σύ

112 2787 201 2860 κατά
228 2786 292 2862 ’τὸν
323 2794 507 2877 κορυφαῖον
534 2790 667 2878 Πέτρον
692 2785 912 2879 τηρούμενος,
944 2792 1071 2863 έδέδεσο
1098 2788 1193 2854 δυσίν

112 2891 287 2976 ἀλύσεσιν,
313 2885 406 2980 ίίπνῳ
427 2899 490 2974 καλΙ
503 2896 614 2988 δεσμῷ
633 2899 797 2986 φυσικῷ·Λ
818 2892 892 2966 ἀλλ’
915 2899 1033 2980 ἐπέστη
1055 2918 1109 2964 σοι
1128 2890 1191 2980 ἀγ-

110 3009 207 3095 γελος
227 3006 358 3092 κυρίου,
384 2996 427 3080 ύς
454 3004 562 3096 ἐκείνῳ
588 3010 719 3091 κειμένῳ
744 3003 876 3089 νυκτὸς,
906 3008 960 3074 καλ
988 3005 1189 3093 παραχρῆμα

45 3197 47 3202 ¹
113 3109 261 3198 ἐξέπεσον
293 3107 361 3179 ἀπὸ
394 3111 455 3179 σοῦ
488 3115 525 3178 αἱ
559 3105 690 3191 άλύσεις
725 3104 841 3194 αὗται,
873 3115 929 3181 καὶ
956 3114 1014 3196 τῆς
1041 3112 1191 3205 φυλακῆς

112 3218 213 3316 ἐξῆεις
223 3217 349 3301 ἀδετος,
359 3222 415 3286 καί
429 3214 625 3302 ῆιιολούθεις
638 3217 742 3308 τούτῳ
755 3222 1008 3313 ψυχαγωγούντί
1027 3246 1074 3292 σε.
1092 3218 1187 3310 Τάχα

111 3355 177 3400 πον
198 3331 254 3396 καί
273 3318 385 3412 ὅραμα
404 3322 483 3394 κατ’
506 3333 626 3395 ἐκεῖνον
646 3324 765 3408 ἐδόκεις
783 3333 913 3416 βλέπειν
935 3311 1140 3422 ἀμφιγνούῖν,
1161 3335 1189 3397 εί
1325 3407 1332 3418 „

111 3430 245 3522 ἀληθῆς
272 3435 341 3500 ἐστι
371 3430 408 3500 τὸ
435 3431 480 3501 δι’
508 3436 611 3505 αὐτοῦ
636 3433 828 3525 γινόμενον·
857 3441 931 3522 ἕως,
959 3442 1017 3528 τῆς
1047 3443 1188 3525 σιδηρᾶς
1311 3503 1317 3516 ,

112 3543 220 3626 πύλης
247 3537 443 3629 αὐτομάτως
469 3542 681 3631 ἀνοιχθείσης
706 3569 776 3626 σοι,
806 3547 863 3634 τῆς
882 3544 1046 3637 φερούσης
1066 3543 1110 3623 εἰς
1129 3543 1189 3631 τῆν
1337 3545 1339 3552 ’

111 3649 190 3729 τούς
209 3653 380 3737 θεμελίους
398 3647 538 3734 ἔχουσαν
557 3649 650 3720 πόλιν
660 3703 668 3734 ,
697 3653 833 3741 ἐξῆλθες
850 3648 969 3732 ὅντως,
996 3657 1051 3722 καλ
1071 3652 1189 3733 σαφῶς

111 3759 233 3844 ἔγνως,
260 3749 309 3826 ότι
331 3753 467 3840 ἀληθῶς
489 3755 690 3837 ἐξαπέστειλε
706 3757 816 3850 κύριος
836 3759 896 3830 τὸν
917 3757 1057 3846 ἀγγελον
1076 3755 1189 3845 αὐτοί,

110 3870 168 3936 καί
199 3861 331 3949 ἐξείλιτό
364 3887 400 3930 σε
436 3869 470 3930 ἐκ
501 3871 560 3930 τοῦ
588 3862 740 3953 σώματος
774 3869 835 3936 τοῦ
869 3867 1029 3938 θανάτου
1062 3866 1189 3939 τούτου·

112 3981 255 4047 Μᾶλλον
280 3979 315 4043 δέ
334 3970 352 4044 ὁ
373 3971 485 4061 κύριος
508 3968 607 4051 αὐτὸς
631 3982 728 4058 μέσης
751 3977 868 4056 νυκτὸς
890 3974 1014 4058 ἐλθὼν,
1047 3978 1190 4062 ἐγρηγο-

109 4080 197 4172 ρότα
219 4105 255 4152 σι
275 4078 338 4152 ύπδ
359 4081 464 4176 λύχνῳ
486 4084 673 4171 διακρίσεως
694 4087 876 4172 καιομένῳ,
914 4090 970 4156 καί
993 4081 1190 4180 σωφροσύνη
