2874 4776
465 466 780 538 reouaootuuus.
1088 477 1183 541 xrx'

88 651 159 726 post
184 636 390 726 Philippopoli
421 659 488 703 cnm
516 625 664 704 Friderici
685 643 713 704 Ι.
741 638 837 703 sueri
869 634 1005 703 exercitu
1034 639 1166 706 cmcieto

86 767 144 808 nou
165 726 320 826 hoqestiss
340 743 541 830 conspirasse,
561 741 647 808 testis
662 727 714 808 'est
734 731 856 808 Nicetes
875 741 907 806 ia
927 743 1185 825 imminuisse«.

86 849 116 912 lo
133 850 182 929 li,
204 849 238 913 3.
278 847 490 912 Armeniorum
511 845 826 916 Thessalonicensium
848 847 991 932 proximo,
1006 869 1084 914 aero
1104 850 1168 914 iata

89 952 224 1036 equidem
246 952 363 1038 ignom.
405 957 548 1035 Magnam
567 973 642 1016 vero
655 951 785 1015 omnium
802 951 846 1014 ibi
860 972 958 1015 rerum
973 953 1167 1019 mutationem

89 1058 288 1142 postttmodum
309 1057 417 1121 sectam
439 1079 520 1137 csse,
540 1055 612 1120 inde
626 1057 697 1140 jure
717 1056 883 1140 meritoque
904 1055 1065 1140 conjicies,
1087 1060 1167 1143 quod
1181 1069 1220 1133 13

88 1160 118 1224 in
145 1161 221 1224 actis
247 1157 367 1225 concilii
387 1161 595 1226 Armeniorum
616 1159 750 1226 bisensis
776 1159 893 1233 (Mansi
920 1160 1028 1227 concil.
1055 1167 1094 1226 T.
1115 1165 1168 1229 25.
1262 1239 1269 1256 ,

88 1289 120 1350 p.
140 1265 251 1348 1411),
277 1288 356 1331 anno
378 1265 594 1347 amu-nobiti,
624 1264 941 1344 Thessalonicensiurn
961 1264 1170 1332 Armeniorum
1215 1330 1218 1340 ,

90 1369 219 1456 episcopi
239 1391 347 1434 nomen
366 1367 489 1453 legitur,
509 1369 643 1436 iesaiae.

167 1554 227 1618 His
261 1515 455 1640 praemonitis
488 1520 672 1636 historiam,
705 1551 796 1621 ι’ωηο
826 1552 995 1640 fragmenta
1023 1553 1168 1623 historiae

89 1659 369 1724 Thessalonicensis
397 1657 562 1724 trademus.

500 1959 622 2036 GhP.
671 1957 741 2036 lll.

160 2177 345 2232 assumus
379 2153 687 2236 uunssnuomcna
725 2181 842 2254 usqua
879 2181 933 2235 sn
970 2157 1092 2241 ancus

545 2273 714 2330 saluca
759 2289 766 2302 ·

169 2500 321 2566 Thermae
340 2499 485 2586 pristinae
503 2525 531 2568 s·
547 2487 783 2566 Thessalonicae
803 2522 853 2566 res
868 2499 981 2586 primus
998 2503 1091 2569 tradit
1105 2508 1172 2570 lle·

86 2607 213 2672 rodotos
232 2605 313 2671 lihro
331 2607 407 2688 Vll,
426 2607 485 2671 121
496 2629 565 2692 sqq.
583 2605 669 2688 188,
689 2605 721 2670 iu
741 2595 910 2672 enarranda
929 2606 1046 2672 Xerxis
1066 2626 1172 2676 contra

87 2715 221 2776 Graecos
248 2709 460 2796 expeditione3
490 2711 542 2796 qui
569 2700 780 2775 aestate'anni
809 2725 879 2774 aute
904 2711 978 2776 chr.
999 2712 1073 2778 480.
1101 2735 1169 2776 cum

87 2814 225 2880 exercitu
256 2837 311 2879 suo
335 2813 367 2877 in
393 2811 470 2878 istas
497 2813 638 2898 regiones
663 2813 801 2894 delatus,
830 2807 965 2880 Therma
990 2831 1024 2881 ut
1049 2816 1169 2881 stativis
1227 2895 1233 2902 Ι

86 2938 185 3001 utens,
206 2917 390 3002 aliquamdiu
408 2905 453 2982 ihi
473 2931 671 2982 commoratus
690 2931 748 2983 est.
789 2915 832 2980 lis
848 2916 924 3001 ipsis
940 2915 1047 2984 diebus
1062 2919 1168 3007 copiae
1226 2943 1231 2952 ·

84 3017 245 3089 Persarum
260 3023 415 3108 pedestres
429 3019 557 3107 amplam
577 3021 732 3108 planitiem
747 3011 831 3087 inter
843 3021 1005 3086 Thermum
1025 3021 1169 3089 fluvium·

84 3152 143 3215 que
153 3127 267 3194 Axium
280 3143 310 3190 et
319 3125 449 3193 Ludiam
461 3132 527 3191 cum
539 3125 734 3194 Haliacmona
740 3148 752 3208 3
772 3148 877 3208 naves,
891 3125 1082 3199 Chalcidicas
1095 3149 1168 3214 pro·

83 3233 234 3299 montorio
249 3233 351 3316 legere
365 3228 521 3315 sinumque
529 3224 744 3297 ¹Thermaicusu
763 3228 882 3316 ingredi
894 3228 1008 3314 jussae,
1030 3244 1062 3294 ut
1075 3253 1168 3295 exer·

82 3339 176 3402 citum
197 3333 419 3418 comitarentur,
439 3333 512 3400 Axii
525 3333 658 3400 fluminis
678 3333 756 3401 ostia
776 3353 806 3401 et
824 3341 908 3401 ‘mure
926 3333 995 3401 urbi
1015 3335 1168 3400 Thermae

82 3441 272 3525 reliquisque
292 3438 417 3504 urbibus
436 3437 604 3526 proximum
625 3429 776 3507 tenebant.
819 3441 890 3506 Tali
909 3433 1040 3528 hospitio
1061 3450 1093 3502 ut
1110 3459 1167 3526 par

81 3561 166 3612 esset
177 3545 326 3626 Therma,
343 3543 408 3628 jam
425 3558 486 3608 tum
501 3567 561 3608 non
576 3543 698 3610 infimae
715 3541 805 3612 sortis
818 3543 960 3633 oppidum
975 3542 1043 3610 sive
1058 3541 1167 3632 κωμό-

80 3656 179 3728 πολις
199 3671 268 3714 esse
288 3646 437 3728 debebam
456 3646 491 3712 id
510 3646 591 3730 quod
608 3634 757 3715 Herodoti
775 3672 894 3734 quoque
912 3648 1042 3715 narratio
1056 3650 1164 3717 innuit.

80 3754 193 3832 Omnis
212 3766 312 3819 autern
330 3749 387 3818 ille
407 3754 547 3839 Europae
565 3763 690 3833 tractus,
710 3752 910 3840 Hellesponto
925 3753 1164 3839 Thessaliaeque

78 3860 277 3940 interiacens,
298 3855 399 3922 l’ersis
413 3857 478 3941 jem
498 3869 567 3922 ante
582 3856 700 3927 Xerxis
719 3860 883 3928 adventuo
897 3855 1032 3944 parchm,
1053 3861 1164 3940 Mega·

80 3965 152 4032 hesi
173 3963 301 4050 primum
322 3966 409 4042 (ante
424 3961 498 4026 chr.
520 3961 747 4047 a.514sqq.),
768 3961 879 4033 deinde
899 3961 1052 4028 Mandonii
1071 3961 1164 4026 armis

81 4079 131 4152 (a.
143 4069 222 4150 492)
238 4065 381 4151 summus
391 4065 556 4148 (Herodot.
572 4068 605 4149 7,
615 4068 700 4151 1⁰8,
719 4067 791 4140 acu.
806 4067 842 4150 4,
853 4065 973 4151 atam.
985 4065 1018 4146 ⁵,
1033 4065 1181 4143 1-222„

898 4163 956 4231 h*
1175 4167 1180 4186 ‘
