2874 4776
215 414 361 466 xxvii!
594 410 903 464 Pautaootttttttn.

188 604 193 622 ι
217 568 283 636 vits
295 566 384 634 Ereti
399 587 465 650 oap.
480 563 534 630 4θ.
550 564 608 628 rite'
624 562 782 646 eoajioieer
801 561 855 632 Ἐκ
872 559 989 628 τούτου
1009 563 1092 645 μὲν.
1111 609 1119 625 .
1139 553 1300 645 ὑπέσχετο

216 679 347 758 (Brutus
369 670 401 735 in
419 667 534 755 prneho
547 665 751 755 Philippensi)
768 667 873 745 καλῶς
888 666 1143 754 ἀγωνισαμένοις
1159 663 1218 736 doio
1236 663 1301 738 πό,

218 787 285 857 laec
306 774 351 855 εἰς
370 770 523 862 ἁρπαγὴν
543 778 597 842 καὶ
618 771 778 862 ὠφέλειαν
797 772 945 864 ἀνήσειν,
974 775 1218 858 Θεσσαλονίκην
1241 781 1300 844 stol

219 890 465 970 Λακεδαίμονα.
512 880 604 950 Addit
630 882 809 949 Pluturehne
838 884 863 951 l.
887 905 933 964 o.‚
964 880 1060 948 fnisse
1091 881 1172 948 hena
1200 882 1300 948 solem

218 991 366 1059 maculam
390 987 473 1053 vitae
492 984 582 1051 Bruti
612 985 823 1071 integerrimae
849 987 1022 1074 adspersum
1045 985 1298 1052 inexcusabilem.

220 1098 283 1164 Sed
297 1097 367 1179 jure
385 1094 514 1178 quodam
527 1089 592 1175 egit
606 1093 738 1172 Brutus,
759 1093 844 1176 nujus
862 1091 1020 1180 provintia
1036 1104 1101 1156 erat
1116 1090 1302 1157 Macedonia

220 1197 370 1287 (Appian.
391 1197 567 1286 lllyr.13.;
594 1193 667 1260 bell.
683 1193 743 1259 oiv.
760 1197 792 1277 3,
807 1199 840 1264 2.
858 1197 911 1264 63.
931 1193 964 1278 4,
983 1196 1036 1262 67.
1051 1196 1104 1261 58.
1120 1196 1207 1276 75.),
1227 1196 1301 1260 lieet

81 1309 91 1330 ⁹
220 1328 278 1394 per,
291 1302 451 1368 Antonium
472 1299 623 1365 abstraota
639 1299 787 1386 (Appiae.
807 1301 879 1368 bell.
895 1302 953 1366 riv.
970 1304 1001 1383 3,
1018 1302 1051 1366 8.
1067 1300 1099 1382 4,
1115 1301 1196 1381 ὄλ).
1228 1301 1299 1385 lpse

220 1432 295 1474 vero
310 1406 463 1495 Appianas
479 1401 567 1482 (bell.
584 1402 645 1468 aiv.
661 1404 694 1484 4,
712 1406 798 1487 118.)
819 1420 910 1472 tutam
927 1407 1126 1473 narrationem
1143 1407 1182 1472 de
1197 1408 1301 1471 Thes-

222 1512 375 1580 salonioao
387 1505 682 1590 Lacedaemoniique
697 1508 863 1598 direptione
877 1511 1021 1577 militibus
1033 1510 1180 1599 promissa
1193 1509 1225 1574 in
1243 1511 1303 1574 dn·

103 1619 104 1622 ’
222 1617 305 1683 bium
330 1635 441 1680 venere
463 1611 600 1691 videtur,
628 1612 679 1677 vel
695 1612 726 1676 in
746 1614 875 1679 medium
898 1617 1083 1702 relinquere,
1111 1614 1159 1679 his
1179 1613 1299 1678 verbine

169 1736 213 1806 20
228 1726 351 1790 Annei
367 1723 408 1787 δέ
428 1742 559 1800 τισιν,
581 1721 635 1784 καὶ
656 1720 892 1804 Λακεδαίμονα
913 1729 989 1792 sall
1004 1725 1245 1802 Θεσσαλονίκην
1268 1723 1302 1796 ἐς

224 1825 381 1915 ἁρπαγήν
403 1825 515 1903 αὐτοῖς
537 1821 650 1892 δώσειν
670 1824 891 1913 ὑποσχέσθαι.
933 1831 1002 1908 Quo
1022 1828 1088 1894 luno
1108 1825 1304 1891 Plutarchum

223 1951 302 2001 teoto
323 1933 472 2020 respicere
492 1930 566 1997 mihi
589 1931 720 1995 videtur.
761 1935 902 1999 (lotorum
927 1935 979 2019 qui
998 1933 1080 1998 hanc
1100 1930 1305 1997 narrationem

222 2055 257 2106 ut
282 2041 343 2105 alia
368 2059 517 2124 perpauca
537 2034 601 2099 suis
620 2035 652 2098 in
673 2040 713 2100 D.
737 2036 822 2101 Pauli
849 2036 992 2126 epistulae
1012 2035 1302 2102 Thessalonicenses

222 2141 442 2233 prolegomenis
468 2138 660 2228 praemittere
679 2140 793 2221 solent,
820 2153 961 2227 tanquam
982 2139 1225 2229 opumeivitatie
1246 2163 1303 2205 no-

222 2263 304 2315 strae
331 2245 547 2327 testimonium,
577 2266 630 2308 eus
660 2244 751 2310 nolim
771 2248 1028 2341 Lacedaemonem
1058 2244 1197 2312 oblivisci
1212 2245 1304 2328 juxta

222 2366 432 2432 memoratam,
463 2349 566 2416 urbem
594 2371 652 2413 nun
680 2351 851 2435 opulentam
872 2352 1023 2436 valdeque
1042 2371 1060 2414 ιι
1082 2347 1234 2436 Philippis
1253 2372 1305 2414 re·

222 2472 344 2524 mutem.
385 2459 499 2518 Brutus
518 2452 679 2539 imperator
699 2456 742 2538 (si
763 2478 836 2522 vora
853 2468 973 2519 narrent
989 2453 1133 2520 historiae
1149 2457 1305 2518 Romanae

222 2561 378 2641 enotares)
399 2571 554 2641 utramque
574 2556 696 2641 urbem,
717 2581 777 2623 non
797 2559 893 2622 solum
914 2559 1034 2624 utilitati
1055 2581 1175 2624 suorum
1195 2581 1306 2623 oonsu-

158 2747 161 2756 ,
223 2667 303 2744 lens,
324 2663 378 2728 sed
399 2661 489 2726 etiam
510 2681 626 2746 poeuee
646 2685 736 2727 causo
757 2662 953 2748 diripiendam
975 2663 1119 2728 militibus
1140 2662 1305 2744 eoncessit3

223 2772 277 2857 qui
296 2770 405 2835 incolis
424 2767 456 2833 in
476 2767 649 2832 servitutem
667 2767 781 2834 abactis
802 2765 1024 2852 divenditisque
1042 2766 1070 2831 si
1085 2789 1224 2852 magnum
1243 2767 1306 2834 sibi

224 2875 409 2938 commodum
430 2887 585 2936 eruturum
608 2874 786 2957 sperabant,
816 2870 955 2956 equidem
977 2895 1036 2937 non
1062 2871 1198 2939 invideo.
1238 2877 1307 2938 Ln-

223 3003 306 3044 orum
327 2995 424 3042 tamen
445 2997 585 3060 magnum
606 2977 700 3042 luisse
721 2975 855 3061 negabit,
880 2976 931 3060 qui
952 2976 1060 3042 misero
1080 2991 1141 3042 tum
1162 2979 1306 3046 ebbella

224 3081 328 3146 uivilia
348 3080 527 3143 exhaustum
547 3102 663 3144 omnem
682 3080 890 3144 Macedoniam
914 3103 954 3144 ex
975 3081 1113 3167 Appiano
1134 3098 1164 3147 et
1184 3083 1306 3149 Plutar-

225 3185 282 3250 eho
311 3182 497 3268 cognoverit.
539 3188 587 3247 De
612 3197 745 3267 ternpore
771 3183 820 3247 his
846 3183 934 3248 hellis
962 3187 1063 3271 priore
1088 3211 1121 3254 v.
1149 3188 1306 3255 Oiueronis
1427 3229 1428 3250 ι

224 3290 389 3355 orationem
408 3287 439 3352 in
460 3291 499 3352 L.
518 3287 656 3351 Pisonem
675 3290 725 3353 17.
741 3284 792 3352 34.
811 3290 861 3354 35.
1427 3353 1428 3364 ,

308 3393 399 3455 Anno
426 3391 534 3478 proelii
560 3391 761 3479 Philippensis
787 3394 1005 3459 Thessalonica
1030 3419 1096 3460 curn
1122 3395 1306 3461 Macedonia
1427 3375 1428 3414 ³

223 3496 357 3561 seculum
378 3498 540 3560 seeundum
560 3495 689 3562 amissae
709 3513 777 3582 post
796 3498 940 3562 Andrisoi
962 3499 1158 3564 rebellionem
1177 3500 1305 3564 liberta-

224 3599 263 3663 tis
283 3596 405 3682 agebat.
446 3602 594 3667 Salutaris
614 3625 688 3667 veru
708 3601 776 3666 urbi
795 3616 914 3666 nostrae
929 3604 1055 3689 partium
1072 3604 1198 3669 Antonii
1214 3619 1315 3688 atque·

194 3761 199 3772 ,
224 3700 386 3768 Octaviani
400 3707 560 3770 assentatio
576 3705 643 3770 fuit.
677 3709 752 3771 Eam
770 3705 848 3770 enim
864 3707 981 3770 liberae
992 3708 1180 3772 conditionis
1188 3709 1304 3774 Plinius
1427 3769 1428 3794 ,

223 3807 319 3890 major
339 3805 414 3870 dioit
432 3811 471 3872 Ν.
493 3806 759 3898 11.4‚1t)(17)=
788 3807 867 3895 quod
894 3808 1073 3873 benohoiu'm
1094 3814 1214 3896 quando
1236 3813 1305 3878 urbi
1427 3817 1428 3860 l

224 3909 376 3990 evenerit,
407 3911 459 3976 ubi
485 3937 503 3977 e
523 3914 620 3980 numia
641 3915 775 3999 ejusdem
799 3926 1020 3993 monstravero,
1048 3937 1156 3980 novam
1177 3917 1304 3981 liberta-

223 4027 284 4080 tem
309 4014 441 4102 apertius
463 4023 624 4106 exponam.
665 4021 742 4107 Sunt
768 4029 868 4084 autem
888 4015 969 4082 nuni
991 4016 1306 4088 Thessalonicensinm
1427 4029 1428 4066 l
