2890 4774
131 457 209 572 m]¹
329 505 581 558 ευετοτιιιυε
607 506 1012 559 τασσοειουιοπυοιε.
1140 485 1217 560 427.

132 652 172 726 τύ
201 660 262 722 τοῦ
289 644 467 737 προσώπου
486 659 540 723 καί
559 654 691 744 λάμπον
712 659 767 722 καί
786 651 943 743 ἡρωϊκόν·
979 658 1041 745 τὴν
1060 658 1142 744 ὅλην
1163 659 1218 728 εὐ·

135 764 289 852 ρυθμίαν
308 771 366 852 τῆςΙ
385 766 445 834 τού
464 763 618 852 σώματος
638 763 860 853 ἀκροπόλεως,
881 763 922 852 ἣν
942 762 960 834 ό
979 759 1120 859 ὕψιστος
1135 765 1218 847 θεός

89 863 90 875 ’
134 871 323 958 ἐπόρχωσεν
346 867 423 958 ἡμῖν
450 870 493 952 είς
521 861 727 966 ἀσφάλειαν·
758 874 828 956 τῆν
851 874 915 939 τῶν
941 883 1081 961 στέρνων
1103 880 1218 944 καθα-

134 986 223 1068 περεὶ
252 985 307 1047 καί
334 983 462 1060 λέοντος
493 979 653 1070 εὐρύτητα
682 985 738 1048 καί
767 977 1033 1064 στερεμνιότητα·
1065 983 1126 1067 τὴν
1153 985 1217 1048 τῶν

48 1113 58 1162 '.
132 1112 249 1178 χείρων
266 1083 432 1171 εὐτονίαν,
454 1087 495 1168 άς
514 1087 554 1158 οὐ
574 1087 678 1175 μόνον
698 1085 741 1168 ὡς
760 1085 935 1166 Δαύιτικάς
955 1113 1019 1156 νοιο
1005 1091 1216 1181 βραχίονας

21 1199 23 1212 ’
136 1205 330 1281 τεθειμένος
358 1194 402 1276 εἰς
431 1197 525 1280 τόξον
550 1199 736 1286 χαλκοῦν
721 1223 755 1264 εκ
781 1195 933 1278 θεοῦ,“
914 1220 969 1264 οτι
990 1195 1064 1264 κατ’
1085 1200 1217 1287 ἐχθρῶν

135 1305 320 1392 τεινάμεναι
341 1303 520 1392 θανάσιμοι
539 1308 740 1393 βάλλουσιν·
770 1279 856 1372 ἀλλὰ
878 1311 1134 1394 προσεπιθεωριύ
1155 1303 1215 1377 αὐ·
1251 1363 1254 1374 .

135 1416 198 1493 τὰς
228 1419 281 1482 καὶ
314 1439 440 1500 ορχανα
471 1415 652 1496 ποιούσας,
694 1417 750 1482 καί
784 1409 955 1492 δακτύλοις
986 1409 1218 1500 ἁρμοττούσας

117 1524 306 1616 ,ψαλτήρια
327 1517 447 1590 εὐλαλα
467 1525 583 1605 ταύτα,
603 1519 756 1610 γλώσσας
777 1522 842 1589 τιύν
861 1517 1024 1605 ὑπηκόων·
1045 1517 1095 1601 οἷς
1116 1519 1217 1603 αὐτός

137 1639 200 1717 μὲν
224 1628 267 1708 τίς
290 1629 368 1710 τούς
388 1633 467 1721 ὑπὲρ
487 1628 579 1718 ἡμῶν
598 1630 769 1717 καμάτους
790 1633 993 1716 καταρτίζεις
1015 1628 1076 1711 τάς
1089 1638 1216 1719 χεῖρας,

85 1827 90 1837 Ι
140 1744 198 1806 καὶ
221 1737 284 1808 ύπό
308 1736 457 1833 δακτύλῳ
478 1747 566 1810 θεοῦ
586 1738 661 1820 τούς
683 1737 761 1818 σούς
786 1729 965 1817 δακτύλους
982 1747 1131 1868 τεχνικῶς
1149 1748 1219 1808 ὲπι-
1256 1761 1259 1767 ’
1307 1836 1312 1846 Ι

2 1841 5 1959 ζ
85 1908 89 1913 ,
139 1850 275 1934 μερίζεις
297 1853 370 1925 ταῖς
389 1845 541 1936 πράξεσι,
563 1854 618 1916 καὶ
640 1845 684 1927 είς
704 1844 908 1934 άρμονίαν”
886 1873 975 1931 αχεις
994 1845 1032 1914 τό
1051 1849 1134 1914 πᾶν·
1155 1847 1219 1915 αὐ·

138 1960 188 2024 τοὶ
213 1960 247 2024 δὲ
263 1957 446 2046 μελῳδοῦσι
466 1956 506 2023 τά
526 1953 718 2043 νικητήρια,
746 1953 788 2021 τά
811 1952 1024 2044 χαριστήρια,
1051 1960 1108 2024 καί
1129 1959 1221 2043 ψαλ-

138 2072 240 2156 τήρια
262 2091 307 2150 χιι
308 2089 411 2132 ονται
434 2065 647 2151 ἐμμέλειαν
627 2058 870 2191 αρμοττόμενα

222 2179 274 2242 31
310 2174 443 2241 Τούτων
463 2181 525 2261 μὲν
544 2161 617 2253 οὐν,
640 2166 719 2260 ίίπερ
740 2177 793 2238 καί
813 2165 959 2264 φθάσας
982 2159 1090 2250 εἶπον,
1111 2167 1220 2256 ἕτερός

137 2309 195 2368 μοι
211 2283 295 2368 πρός
311 2285 557 2373 καλλιγραφίαν
575 2277 772 2363 άνακλιχτέος
790 2282 918 2368 καιρός,
946 2280 989 2346 δι’
1003 2267 1048 2345 ὧν
1068 2281 1103 2344 αἱ
1121 2276 1217 2372 ’ότμεις

136 2398 287 2462 ἕλκονται
312 2401 380 2470 τοῖς
400 2399 443 2468 είς
463 2379 501 2460 τό
519 2387 691 2478 βασιλικόν
709 2387 890 2474 άυάμνημα
909 2389 1165 2471 ἑντρανίζουσιν,
1193 2385 1217 2455 ά

137 2501 178 2584 δὴ
196 2505 250 2570 καί
273 2497 349 2580 τούς
366 2502 612 2585 δυωτιζομένους
634 2502 832 2566 ἐπισπῶνται
857 2497 912 2564 καί
935 2494 1124 2580 άναρτώσιν
1145 2489 1218 2563 οἷον

140 2617 200 2693 τῆς
220 2603 331 2686 ἀκοῆς.
378 2608 462 2676 Ἀλλ’
487 2605 558 2676 οὐδ’
582 2607 736 2676 ἐνταῦθά
757 2634 814 2688 μοι
836 2611 995 2702 λαλητέον
1013 2607 1139 2696 μακρά,
1167 2611 1220 2678 ἕν-

139 2722 195 2782 θα
216 2716 254 2781 τό
276 2713 497 2802 άκροατήριον
517 2715 594 2794 τούς
614 2713 730 2802 λόχους
750 2712 949 2802 ἁρπάζουσι,
986 2722 1041 2783 καὶ
1062 2721 1122 2785 τοῦ
1143 2716 1219 2806 τόχε

141 2821 293 2889 ἀδικοῦσι
316 2827 577 2910 πανηγυρίζοντα
598 2822 738 2912 ῥήτορα,
766 2817 801 2893 εὐ
823 2834 884 2912 μὲν
906 2825 1014 2905 άλλως
1036 2833 1220 2907 ποιοῦντες,

139 2925 192 3001 ότι
214 2941 260 3018 τῷ
281 2933 455 3020 εὐμουσίας
473 2931 566 3025 άδρρί
587 2938 641 2998 καί
659 2931 891 3024 πολυφθόγγῳ
911 2931 969 3000 τόν
987 2935 1044 3018 τῆς
1060 2935 1231 3021 ἡμετέρας

97 3063 99 3066 ·
141 3037 262 3168 ρ’)δῆς
246 3043 474 3133 υπιρρωνούσι
492 3037 694 3110 λεπτότατον
710 3038 846 3124 δόνακα,
868 3043 1054 3122 ἀδικοῦντες
1071 3037 1141 3111 w
1122 3070 1218 3156 ομιτς,

141 3142 194 3218 ότι
213 3156 267 3217 καί
290 3177 334 3230 εις
354 3152 391 3220 τό
411 3148 599 3229 παντελὲς
584 3152 671 3237 ημᾶς
691 3146 969 3237 ἀποκρύπτουσιν.

222 3257 275 3323 32
309 3241 393 3327 Ἀλλ
423 3261 483 3346 ἐγώ
513 3257 675 3346 βιάσιμαι
701 3285 761 3344 τιχν
787 3259 894 3348 ᾠδην,
922 3265 978 3330 καλ
1006 3253 1224 3394 άκσύσματος

140 3363 211 3444 ἑνός
232 3367 313 3450 γοῦν
333 3367 414 3456 πρὸς
432 3371 540 3458 βραχύ
557 3366 781 3455 μεμιὴσομαι,
810 3369 902 3438 καλ’
883 3367 1063 3474 αναιινήοω
1084 3371 1143 3440 τόν
1161 3378 1220 3459 με’-

140 3499 205 3602 χον
227 3482 344 3541 τοῦτον
371 3477 528 3561 σύλλογον
551 3503 608 3544 του
594 3478 800 3560 βασιλικοῦ
823 3469 1105 3568 κατηχητηρίου’
1089 3485 1219 3562 εκείνου,

142 3575 181 3648 όν
199 3579 240 3647 τά
262 3582 325 3667 πρὸ
344 3581 461 3650 τούτου
479 3591 539 3669 μὲν
558 3588 730 3662 πολυειδῶς
750 3589 950 3668 ἐθαύμασα,
981 3586 1019 3656 τό
1044 3583 1130 3675 ίερόν
1152 3614 1218 3655 πα

53 3773 55 3778 Ι
142 3684 330 3774 ραλαλήσας
357 3686 570 3776 άνάκτορυυ,
595 3687 650 3760 ότι
676 3699 730 3760 καί
755 3692 886 3778 ὀθόνην
909 3690 1011 3762 αὐτόν
1036 3694 1218 3762 ἀποστολι-

65 3871 76 3892 ·
141 3796 202 3881 κήν
224 3794 404 3882 ἐθεώρουν,
427 3799 581 3890 ἔμφυτον
600 3800 747 3885 πάντων,
770 3803 834 3872 ὅσα
855 3809 967 3895 τρέφει
985 3799 1111 3889 ψυχάς,
1134 3790 1237 3869 πανζ

144 3906 199 3982 τός
220 3901 359 3989 άχοιθού
379 3904 591 3988 πλήθουσαν,
616 3893 846 4008 ψυχοτρόιρον,
866 3911 1042 3999 βιόδιορον,
1063 3908 1222 3993 όλβιόδω·

143 4037 211 4100 ρον.
256 4017 320 4081 Καὶ
341 4013 452 4098 μάννα
476 4019 509 4084 δὲ
533 4016 769 4102 προσενενόουν
792 4015 980 4108 οὐρανόθεν
1002 4023 1219 4105 κατενεχθὲν,

142 4125 198 4190 καὶ
221 4125 369 4214 βρεχθὲν
390 4124 430 4192 οὐ
458 4122 563 4220 τούτῳ
592 4121 612 4210 ἢ
639 4129 745 4214 ἐκείνῳ
771 4136 839 4210 τοῖς
861 4122 1012 4212 ἔθνεσιν,
1045 4125 1130 4198 ἀλλὰ
1152 4141 1218 4211 τοῖς
