2892 4780
135 443 271 534 xvsti-l
614 461 738 516 noea.
809 541 817 554 .
1140 439 1218 516 atat

136 629 243 686 nostre
256 636 337 680 aero
349 611 522 697 seglnotsn
532 611 619 698 jaret
630 625 665 680 et
675 612 852 701 collapsum,
866 609 948 684 'cosse
956 607 1098 681 liesltobs'
1109 611 1224 682 utura

136 723 162 790 1.
182 744 211 790 ο.
249 721 317 784 .Sex
346 717 451 782 leucas
469 737 490 783 a
509 716 729 787 Thessalonica
753 728 900 785 anoton
923 713 1082 782 castellars
1100 721 1225 792 Acrot-

136 827 260 894 Bisan-
276 820 351 890 elicit
370 820 580 910 consinuyns
597 823 623 890 l.
640 844 670 894 ο.
689 846 722 912 p·
738 819 814 906 69..
833 841 964 910 quemn
982 820 1087 890 ulan
1105 823 1223 890 unna
1342 837 1344 844 “

137 929 247 998 cusani
267 926 366 994 locon
385 948 478 1014 sopra
497 926 634 996 allam·
701 975 705 984 ·
1203 965 1208 979 ·

219 1059 457 1126 Thessalonicae
477 1055 600 1145 propina
619 1058 676 1125 snit
695 1058 779 1125 slintl
798 1057 965 1140 castellam,
986 1057 1226 1143 Aqus'lne('An·

139 1167 214 1247 τοῦ)
228 1163 359 1245 ιιοιιιίιιο,
381 1186 399 1228 e
418 1161 621 1249 septentrione
637 1163 733 1246 urbis,
755 1177 789 1229 ut
803 1167 1089 1254 Gynaecoeastrunn.
1114 1165 1226 1230 Sedena

138 1273 245 1343 babuit
271 1271 311 1336 ad
331 1267 521 1360 Ecbedotunn
541 1266 735 1351 inferiorern,
760 1269 853 1352 juxta
877 1269 990 1334 veteris
1011 1272 1112 1355 (puto)
1136 1271 1226 1337 Litae

135 1375 296 1464 reliquias.
347 1377 394 1438 lle
409 1371 482 1436 ιΙιοο
510 1370 650 1439 rideatur
676 1373 867 1463 Nioepbonus
894 1373 1068 1465 unysnnins
1092 1379 1225 1463 4,19.,

138 1505 229 1574 quera
250 1483 349 1546 locutu
369 1478 457 1544 attuli
477 1501 509 1568 p.
525 1477 576 1544 07.
596 1467 671 1546 284.

223 1613 320 1677 Fuere
341 1621 370 1672 et
390 1607 453 1673 alia
473 1619 566 1694 prope
586 1607 836 1702 Thessalonicam
856 1611 1007 1692 castello,
1029 1633 1155 1697 quorum
1171 1602 1224 1681 noi

141 1717 226 1786 mina
247 1737 305 1778 non
327 1711 495 1780 traduntur.
535 1712 620 1779 Vide
641 1714 770 1782 Dissent.
791 1713 964 1781 historicam
984 1739 1015 1804 p.
1030 1713 1083 1786 44.
1101 1719 1226 1798 (aise-

135 1827 239 1891 culum
258 1821 363 1906 v11.).
416 1820 470 1884 Aa
485 1843 598 1886 annum
616 1817 698 1884 1350
717 1818 820 1885 consen
834 1820 1076 1888 Cantacunenunr
1095 1820 1134 1907 4,
1155 1828 1225 1896 12:
1269 1831 1272 1836 '

147 1928 235 2010 Τούς
261 1954 295 1996 τι
324 1925 529 2015 Τριβαλλοὺς
557 1925 702 2000 (Serbes)
730 1911 795 1991 τοῖν
821 1929 894 2014 περὶ
923 1929 981 2016 τήν
1004 1927 1098 1998 πόλιν
1121 1959 1227 2022 ‘19⁰⁰-

142 2045 221 2130 ριίον
242 2036 405 2124 ἐξήλαυνε.
452 2035 551 2098 Fuere
581 2027 685 2096 forsan
715 2033 862 2114 quaedam
890 2055 994 2099 eorum
1022 2034 1224 2104 munimento·

140 2168 228 2228 rann,
250 2165 375 2231 quorum
389 2137 535 2226 reliquiae
552 2135 584 2204 in
602 2158 639 2202 ea
656 2134 794 2201 convalle
812 2136 1045 2228 conspiciuntur,
1067 2164 1122 2229 per
1136 2166 1226 2228 quam

141 2265 190 2316 est
216 2249 274 2314 iter
302 2249 341 2313 ad
370 2248 468 2312 lacurn
496 2243 659 2326 Langszee
686 2238 905 2324 (Prusiadenn).
947 2247 994 2308 De
1015 2243 1064 2309 bis
1084 2267 1172 2331 agam
1193 2249 1226 2319 in

140 2353 213 2420 viae
233 2353 381 2440 Egnatiae
402 2347 603 2438 expositione.
651 2349 750 2414 Fuere
776 2367 894 2434 quoque
914 2345 1226 2438 pagimunitiprope

141 2459 183 2526 ad
210 2481 291 2525 mare
318 2452 555 2524 Thessalonicae
582 2449 731 2535 ricinum,
762 2449 835 2518 noll.
863 2453 1029 2519 (lentaeue.
1047 2451 1085 2536 3,
1107 2453 1148 2520 64
1169 2455 1225 2535 (οδ

140 2585 254 2630 aunam
274 2563 383 2642 1343).

222 2680 408 2748 orientalem
433 2679 518 2747 sinus
538 2675 712 2746 Thermaici
738 2698 821 2744 oratu
846 2698 952 2765 param
972 2699 1070 2762 aquae
1090 2677 1226 2748 fluvialis

139 2787 219 2855 nori
236 2786 424 2869 ministrare,
445 2786 520 2852 setis
539 2783 719 2869 abundeque
739 2794 840 2848 notum
861 2795 919 2864 est.
960 2780 1057 2849 Rivos
1078 2785 1224 2869 quosdam

139 2894 331 2978 majoresne
352 2904 499 2957 torrenten
519 2887 693 2968 Chalcidice
707 2877 826 2966 babet,
846 2909 907 2972 non
925 2884 1067 2970 flumina3
1097 2887 1225 2976 ipsaque

142 2994 373 3076 Thessalonica,
396 3017 484 3082 qnam
502 2994 580 3060 male
596 2990 717 3084 quidem
731 2989 888 3078 (Michael
901 2991 1037 3076 bequien
1055 2990 1086 3056 in
1098 2993 1224 3063 Oriente

142 3097 308 3168 christiano
325 3099 400 3166 Vol.
412 3103 453 3164 11.
475 3122 506 3187 p.
517 3101 569 3166 27.
605 3098 681 3178 Pelt.
697 3097 864 3185 prolegom.
882 3091 914 3158 in
927 3093 1071 3181 epistolas
1084 3100 1125 3165 D.
1136 3097 1224 3168 Pauli

141 3201 431 3273 Thessalonicenses
456 3227 488 3292 p.
509 3205 571 3298 11.)
599 3203 645 3268 ad
665 3201 788 3288 ipsunt
808 3197 946 3266 Axium
968 3201 1113 3284 llumen
1133 3206 1223 3274 sitast

142 3323 278 3395 narrant,
299 3307 375 3375 rivis
390 3326 421 3375 et
436 3306 670 3394 scaturiginibus
686 3305 798 3389 gaudet
813 3328 831 3369 a
845 3318 945 3372 monte
958 3295 1121 3377 cnontaito
1137 3311 1225 3377 dela-

141 3411 297 3494 bentibus,
324 3435 384 3476 non
408 3412 598 3479 fluminibus«
633 3413 794 3478 Turnonem
815 3411 894 3476 enirn
914 3416 1075 3484 oratorium
1096 3440 1169 3503 prae
1189 3439 1224 3484 se

140 3509 245 3586 ferunt
256 3516 449 3583 Canneniatae
464 3517 559 3584 rerba
573 3530 686 3584 narrat.
698 3501 805 3581 snran.
821 3537 887 3604 cap.
899 3518 929 3582 5.
941 3519 995 3600 (οδ
1009 3535 1118 3585 annum
1130 3518 1222 3598 904)=
1249 3507 1253 3516 ⁵

142 3621 359 3711 Κικὸομηται
378 3664 412 3689 .·
434 3620 551 3691 ὕδασιν
578 3609 739 3708 inuecta,
769 3627 836 3699 wic
862 3625 924 3708 μὲν
949 3633 1119 3710 πηγαίοις,
1152 3629 1223 3708 τοῖς

145 3738 182 3804 δὲ
203 3735 394 3818 ποταμίοις,
425 3723 474 3809 οἷς
494 3734 529 3797 al
549 3728 669 3817 λόχμαι
689 3731 748 3796 τοῦ
768 3725 867 3814 ὅρους
886 3733 934 3816 τῷ
954 3736 1051 3818 πεδίῳ
1070 3735 1222 3820 χαρίζον·

144 3867 213 3920 ται,
234 3844 288 3908 καὶ
310 3835 411 3922 αὐτὴν
432 3842 465 3906 δὲ
486 3835 545 3920 τὴν
563 3837 747 3905 θάλασσαν
763 3838 954 3918 δεξιοῦνται.
982 3841 1100 3928 Quippe
1118 3841 1151 3906 in
1167 3863 1223 3906 eo·

145 3949 272 4015 rundern
292 3927 424 4012 locorum
445 3943 645 4032 descriptione
662 3942 744 4009 soloe
758 3942 856 4009 tontes
867 3941 1222 4031 Nicephornsch'unnns

144 4066 289 4119 memorat
308 4049 341 4118 in
355 4049 489 4118 oratione
502 4049 542 4118 ad
559 4047 848 4118 Thessalonicenses
858 4047 1067 4134 (Boissonadii
1080 4051 1220 4119 Aneedd.
