2890 4774
105 415 174 508 ευ]
308 437 562 500 αυευευιιιυε
586 439 986 494 mmmmm.
1111 419 1187 496 409
1291 479 1294 483 ,

103 588 217 687 φόβον
242 588 328 676 εἶχον
354 591 413 658 τοῦ
438 597 564 673 πισεῖν,
588 594 800 679 ’λρεισθεῖσαι
827 595 885 662 καλ
905 594 1117 662 καταστᾶσαι
1136 602 1181 674 τίς

104 700 271 792 ἀσφαλές·
299 696 415 785 μυρίαι
435 700 471 764 δὲ
489 701 544 766 καί
564 699 599 766 ἐκ
620 701 737 786 καινῆς
751 705 990 787 πυργαθείσαι,
1010 695 1094 770 ὅπου
1109 708 1181 772 καί·
1244 723 1248 730 ’

105 829 188 897 ριον.
230 800 461 895 Προαρπάζεις
486 809 551 895 γάρ
572 803 754 876 κάνταῦθα
775 804 815 876 τό
835 813 952 895 μᾶλλον
972 807 1096 896 όμαατι
1117 816 1187 880 διο·

105 913 239 1004 ράσειος.
290 905 382 980 Οίίτιο
408 922 477 992 τοῖς
502 916 637 1002 ἐχθροῖς
659 910 814 1007 σφάλλεις
840 915 901 995 τάς
926 913 1058 1001 βάσεις·
1096 911 1183 988 οίίτιο

104 1023 167 1112 τὴν
187 1024 250 1109 γῆν
270 1021 382 1100 αὐτοῖς
401 1033 528 1108 μετρεῖς
547 1027 591 1100 ελς
610 1019 736 1112 βραχύ·
773 1017 858 1090 οίίτιυ
878 1037 1083 1111 στενυχωρεῖς
1102 1031 1182 1097 ἐκεί-

108 1141 179 1210 νοίς
205 1129 264 1212 τὴν
290 1129 427 1211 νίκησεν.
480 1127 652 1217 Τριβόλοις
678 1135 740 1216 μίν
767 1117 827 1198 ούν
857 1135 1004 1219 σιδηροῖς
1034 1134 1095 1221 τὴν
1122 1138 1188 1206 τῶν

108 1244 269 1326 πολεμίων
289 1233 482 1306 καταπάσαι
500 1234 659 1317 πεδιάδα,
689 1232 733 1315 ὡς
761 1233 804 1305 όίν
825 1237 871 1320 ιίη
892 1241 1023 1318 ἐκείνοις
1044 1243 1189 1331 ἐμπείρε-

113 1354 203 1417 σθαι
221 1331 277 1415 καί
296 1345 359 1424 τάς
378 1343 493 1432 βάσεις
513 1343 744 1438 σφάλλεσθαι·
781 1350 835 1414 καί
858 1344 957 1416 άλαττ
976 1365 1192 1442 κατασπεῖραι

110 1454 174 1544 τὴν
195 1450 373 1542 άροίσιμον,
396 1449 439 1532 ὡς
459 1449 502 1521 άν
522 1453 689 1540 άκαρτιίαυ
709 1447 730 1539 ἦ
751 1451 900 1542 ζείδωρος
922 1455 1035 1551 ἐνέγκῃ
1057 1454 1187 1540 αύτοῖς·

113 1567 172 1634 καὶ
196 1558 367 1649 βοθύνους
392 1559 630 1650 ύπορύξαιιελς
656 1557 826 1648 ποδάγρας
850 1555 960 1631 ἵππον
986 1589 1021 1634 τε
1048 1571 1105 1634 καί
1132 1565 1192 1637 άν-

119 1672 223 1758 δριόν.ο
262 1674 317 1740 καὶ
345 1661 453 1738 ύδατα
482 1667 647 1762 φαρμάκῳ
673 1666 907 1751 δηλήσασθαι,
940 1669 1013 1740 οὕτε
1040 1682 1193 1760 γενναίου

119 1775 217 1848 οὐδέν
243 1803 276 1845 τι
303 1772 427 1844 τούτων
446 1776 528 1860 (πού
546 1776 617 1862 ,γάρ
641 1785 801 1862 γενναῖον.
818 1776 856 1845 τό
883 1771 1043 1862 ύπουλους
1074 1788 1139 1852 πού
1158 1790 1195 1854 δὲ
1306 1781 1308 1786 1

45 1960 51 1976 l
122 1885 270 1974 άνδρεῒον
291 1883 329 1954 τό
350 1880 519 1968 δόλιονς),
556 1890 611 1952 καλ
631 1883 705 1952 οὐδὲ
725 1881 814 1952 πάνυ
833 1880 915 1972 πρὸς
936 1887 1078 1975 ἀγχόνην
1097 1895 1197 1986 σφίγ.

119 2021 170 2084 γει
190 1993 249 2064 τόν
271 1987 577 2079 ἐπιβουλευόμενον·
611 1987 730 2080 χρόνος
750 1989 814 2078 γάρ
838 2001 943 2062 ταῦτα
962 2000 1088 2086 βραχὺς
1108 1998 1196 2088 ἀπή.
1295 2057 1297 2061 ,
1334 1963 1338 1970 Γ

119 2129 209 2189 γαγε.
244 2099 394 2189 Φρούρια
414 2104 448 2167 δὲ
466 2095 706 2184 Ῥωμαϊκάκαί
729 2099 837 2178 πόλεις
855 2097 1049 2195 ὁπλοφόρων
1064 2107 1195 2194 ἀνδρῶν

120 2211 175 2280 διά
196 2208 304 2293 πάσης
323 2211 382 2296 τῆς
403 2209 466 2275 τῶν
485 2200 686 2276 ὑπεναντίων
705 2209 771 2295 γῆς,
787 2213 990 2300 διασπεῖραι,
1011 2212 1097 2282 άλλά
1118 2225 1195 2284 τοῦ-

117 2343 158 2388 το
179 2319 317 2400 θετίον,
348 2311 425 2384 ίίποι
452 2317 502 2395 Ιτις
526 2315 679 2402 βούλεται
704 2320 924 2404 στρατηγικοῦ
942 2321 1194 2410 μηχανήματος.

123 2429 232 2496 Τοῦτο
268 2429 323 2495 καὶ
356 2424 440 2494 κατά
475 2421 646 2511 τριβόλους
677 2424 743 2504 τάς
779 2428 1052 2516 ἐπιτειχιζομέυας
1086 2430 1194 2511 πόλεις

115 2541 322 2622 κατέστρωσε
353 2541 423 2611 τοῖς
458 2534 602 2620 ἐχθροῖς.
641 2530 893 2626 Σφάλλει-γάρ
919 2538 1051 2615 ἐκείνοις
1081 2537 1125 2606 τά
1150 2537 1195 2620 είς

119 2639 239 2710 άνετον
264 2637 474 2725 διαβήματα,
504 2645 559 2708 καί
580 2636 622 2718 ὡς
635 2634 713 2710 ὀἷον
734 2638 899 2728 άλοπήγια
920 2645 960 2736 τῇ
981 2651 1043 2710 τῶν
1062 2645 1196 2736 βαρβά.

121 2772 189 2838 ραν
213 2743 376 2833 πήγνυται
397 2751 454 2842 γῇ,
484 2741 534 2826 οἷς
553 2742 612 2814 οὐκ
634 2749 761 2837 ἔχουσιν
782 2751 897 2822 ἐκείνοι
917 2751 960 2818 τά
979 2754 1115 2838 σηνήθη
1134 2759 1194 2842 γῆ.

119 2862 188 2924 θεν
208 2857 439 2942 καρπίζεσθαι.
469 2853 648 2940 Ἀνυίγεεαι
669 2861 704 2925 δὲ
724 2862 781 2926 καὶ
801 2850 909 2946 όίσπερ
930 2854 974 2934 εἰς
995 2858 1217 2942 βαθύτατον
1318 2897 1323 2904 ·

122 2955 293 3050 βόθυνον,
323 2959 376 3033 ὅτι
401 2971 456 3034 καὶ
480 2969 637 3058 κατασπᾷ
663 2963 743 3053 πρός
764 2963 915 3057 ὄλεθρον.
961 2965 1198 3054 Φαρμάετεται

122 3074 158 3140 δὲ
178 3075 235 3140 καὶ
254 3055 297 3152 ὠς
316 3081 360 3152 ελς
382 3072 591 3158 δηλητήριον,
611 3069 656 3140 δι’
674 3065 718 3140 ὧν
738 3077 890 3166 περιϊστρί
911 3073 967 3142 τόν
986 3080 1136 3144 κίνδυνον
1153 3075 1197 3158 εἰς
1283 3087 1286 3094 '

125 3177 164 3248 τό
186 3183 260 3274 ζῇν,
294 3185 350 3248 καλ
371 3178 416 3259 είς
435 3180 543 3267 βραχύ
564 3190 675 3269 μετρεῖ
695 3180 751 3248 τόν
770 3185 846 3270 βίον
867 3181 987 3261 αὐτοῖς·
1037 3183 1194 3264 Γοιούτου

76 3333 80 3338 -
122 3293 334 3376 πεπείρανταί
352 3313 410 3358 σου
428 3295 592 3377 μαχητοῦ,
619 3291 771 3370 νικῶντος
790 3286 869 3374 άιλ,
881 3287 1076 3380 εὐμηχάνου,
1097 3298 1199 3362 πολυ-

84 3389 91 3393 ’
123 3393 289 3483 μηχάνου,
310 3401 542 3487 πολιορκητοῦ,
561 3398 755 3488 πολιούχου,
776 3396 885 3470 πάντα
906 3401 1076 3488 ἰσχύοντος
1096 3405 1131 3470 ἐν
1153 3405 1199 3488 τῷ
1244 3469 1246 3482 ,

127 3505 363 3588 ἐνδυναμοῦντί
399 3527 433 3572 σε
468 3509 551 3599 θεῷ.
604 3504 731 3595 Ἀμέλει
770 3514 827 3578 καλ
845 3512 1109 3600 ,καθαιροῦνται
1142 3511 1202 3598 τῆς

126 3608 269 3704 ὀφρύος,
302 3618 357 3682 καί
378 3609 422 3692 είς
443 3617 591 3684 δουλείαν
615 3640 667 3685 σοι
686 3613 953 3701 καθνπάγονται.
999 3619 1115 3686 Οἴδασι
1139 3627 1201 3704 μὲν

83 3705 87 3710 “
127 3711 187 3788 ούν
207 3721 301 3790 αὐτοὶ
322 3720 364 3790 τά
386 3724 522 3790 τοιαῦτα
543 3727 794 3809 πρατοιιαθώς·
828 3727 939 3794 οἴδασι
961 3723 1021 3804 τάς
1041 3722 1104 3804 σάς
1124 3724 1203 3813 σίρι-Ι

127 3831 253 3917 στείας,
275 3823 324 3910 οἷς
345 3830 440 3898 αὐτοὶ
460 3829 604 3898 ἔπαθον.
647 3833 763 3900 Οἴδαστ
785 3820 844 3912 τάς
863 3836 1119 3918 μεγαλουργίας·
1141 3835 1201 3904 οὐκ

130 3930 289 4020 άγνοούσι
313 3939 358 4006 τά
387 3945 451 4006 τῶν
479 3937 583 4024 ἔργον
611 3935 797 4022 τεράστεια,
831 3945 890 4008 καί·
912 3937 971 4022 ὡς,
1007 3943 1071 4008 τῶν
1095 3938 1201 4025 πάλαι
1292 4007 1296 4020 ,

124 4045 292 4129 βασιλέοιν
312 4043 620 4138 άκρυτηριαζόντιυν
639 4039 709 4116 οἷον
730 4043 866 4132 αὐτούς,
895 4049 937 4118 σίν
958 4032 1065 4139 ’μέσας
1090 4049 1203 4130 αὐτοῖς
