2890 4774
132 457 203 551 ιι]
299 481 596 535 ἐυευιυεειυε
620 483 1021 548 υιιυεειιουιοευειε.
1145 463 1221 544 373

131 629 285 707 ἀυτόθεν
308 627 559 723 προκύπτούσης
582 629 738 728 ἀφορμῆς
763 633 936 724 δεχόμενος
963 635 1001 706 τό
1030 636 1218 724 ἐνδόσιμον,

132 749 190 816 καλ
207 740 269 834 τήν
289 748 494 830 παρέκβασιν
513 743 551 811 ού
572 742 663 834 παρά
683 739 798 831 θύραν
818 742 874 830 (τό
893 751 954 814 τού
970 742 1083 831 λόγον)
1103 745 1221 816 ποιού-

129 879 244 942 μενος,
272 847 314 930 ῶς
334 846 376 920 ἀν
397 849 428 920 εῖ
442 856 497 920 καλ
517 857 773 942 παραφανέντος
793 849 909 941 ὄνυχος
928 853 1005 936 ὅλος
1029 843 1216 946 λίωνκατοί

129 960 193 1058 τήν
213 962 395 1048 παροιμίαν
416 958 622 1046 διήρθρωτο.
982 1025 985 1032 A

210 1069 242 1136 6.
278 1063 360 1136 Ἀλλ’
389 1065 450 1134 ούκ
475 1062 613 1135 ἀκλαυτῖ
643 1072 739 1138 ταυτὶ
766 1072 958 1155 διηγεῖσθαι
983 1064 1052 1153 οἷός
1077 1078 1111 1144 τί
1138 1074 1215 1160 ίιμί·

131 1175 252 1265 μικρόν
273 1173 339 1265 γάρ
368 1176 428 1244 τοῦ
446 1173 584 1254 πόθους
605 1169 801 1270 ἀνανήψας,
831 1168 855 1246 ἀ
877 1175 1055 1268 παρόντες,
1076 1177 1122 1258 εἰς
1136 1180 1219 1254 ὀλο·

130 1280 265 1378 φύρσεις
289 1287 461 1372 καταρῤέω
486 1279 596 1353 πόλιν.
641 1289 714 1352 Τῶν
738 1287 802 1376 γάρ
830 1289 996 1374 όμιλητῶν
1016 1290 1135 1356 ἐκείνου
1157 1287 1217 1358 τόν

129 1389 247 1461 κύκλου
265 1388 463 1478 ἀναπληρῶν
483 1396 539 1459 καὶ
560 1390 675 1472 αὐτὸς,
695 1393 952 1486 φιλοτιμότερον
977 1392 1218 1488 ἑφιλοφρονού-

129 1527 198 1587 μην
219 1496 300 1590 παρ’
322 1499 428 1589 αύτῷ,
456 1508 512 1570 καί
531 1498 595 1574 ύπό
617 1511 756 1592 κρατῆρι
784 1506 908 1600 σοφίας
931 1507 1067 1592 μείζονι·
1099 1503 1215 1602 ,ταύτῃ

129 1612 185 1677 καῖ
206 1605 225 1698 ἡ
247 1605 362 1695 μνήμη
379 1608 505 1680 τούτοιν
525 1613 780 1701 προσπίπτουσα
801 1621 931 1706 στρέφει
953 1639 1019 1698 μου
1046 1611 1107 1698 τήν
1133 1638 1216 1700 καρ-

130 1720 225 1800 δίαν,
257 1723 312 1786 καὶ
337 1718 376 1787 τό
402 1723 437 1788 ἐν
461 1715 545 1814 αὐτῇ
570 1723 790 1808 ουμπιίζονσα
813 1717 897 1807 αἷμα
918 1717 963 1800 είς
983 1718 1111 1810 δάκρυα
1133 1747 1215 1809 προ-

129 1830 347 1914 σαναθλίβει,
367 1827 452 1896 κατά
474 1828 650 1918 θρόμβους
671 1828 813 1920 αἳματος
832 1825 1078 1916 συλλαβόμενοι.
1118 1827 1216 1912 Πλὴν

128 1940 319 2025 πειρατέον,
348 1941 403 2005 καὶ
422 1925 528 2018 αὖθις
544 1938 741 2030 ἀναφέρειν,
768 1943 823 2007 καὶ
843 1933 886 2017 ῶς
907 1935 977 2020 ἐξόν
998 1936 1215 2024 ἀνακωχεύειν

5 2053 12 2090 ³
126 2041 169 2112 τό
182 2042 335 2132 δοίκρυον,
353 2041 410 2112 ἵνα
424 2045 469 2132 μή
485 2046 588 2134 μόνον
606 2044 880 2140 ἀφοσιωσόμεθα
896 2052 944 2134 τῷ
959 2040 1056 2132 ἀνδρὶ
1071 2043 1109 2112 τό
1129 2040 1213 2112 ἀπο-

125 2149 359 2244 λοφῦρασθαι,
376 2149 461 2220 ἀλλά
477 2154 535 2222 καί
548 2180 580 2222 τι
596 2157 661 2222 τῶν
678 2157 799 2224 ἐκείνου
812 2156 919 2223 καλῶν
934 2148 1212 2239 θαυμασόμεθα.

129 2258 206 2348 Χρή
236 2260 301 2350 γὰρ
329 2260 512 2329 κάνταῦθα
536 2259 667 2348 μνήμην
685 2268 812 2342 δικαίου
832 2267 994 2348 γενέσθαι
1012 2259 1085 2348 μετ’
1109 2268 1211 2345 ἐγκω-

58 2411 61 2416 1
125 2373 206 2458 μίου
225 2374 357 2464 μετρίου
377 2375 433 2438 καί
455 2375 709 2458 διαπλεκομένου
732 2378 801 2450 τοῖς
829 2375 984 2440 πένθεσι·
1032 2367 1209 2435 καὶτοῦτο
1244 2445 1246 2452 y

127 2475 167 2550 ού
181 2477 264 2565 μετά
279 2479 419 2569 ῥυθμοῦ
435 2483 570 2575 κομψοῦ
585 2506 673 2558 τινος
689 2476 709 2568 ἢ
725 2481 941 2568 περιᾴδοντος
956 2478 1070 2562 ἔξωρα.
1112 2479 1211 2546 Μου-

126 2585 207 2657 σικὰ
227 2586 292 2675 γάρ
313 2589 348 2654 δν
367 2593 498 2670 πένθει,
521 2587 608 2656 κατὰ
630 2585 689 2673 τόν
709 2587 831 2681 σοφόν,
852 2583 1001 2673 διήγησις
1023 2582 1173 2669 ἀκαιρος.
1231 2590 1233 2594 ’

209 2696 242 2760 7.
264 2688 310 2763 ‘¹0
337 2703 419 2781 γοῦν
444 2698 613 2781 ἐλέγομεν,
645 2693 749 2784 μικρά
776 2700 836 2782 μὲν
862 2688 935 2782 ἀμα
960 2696 1132 2788 τελεῖσθαι
1153 2695 1210 2760 καλ

125 2802 259 2890 μεγάλα
277 2803 443 2890 μυστήρια
463 2801 541 2882 τούς
562 2801 697 2886 αύτούς,
719 2803 779 2872 ούκ
799 2795 840 2890 ἦν
859 2827 938 2870 ποτε
953 2798 1116 2887 θεμιτόν,
1138 2797 1213 2899 ούτε

123 2910 193 3000 μὴν
219 2905 363 2999 χορεύειν
391 2914 560 3002 δᾳδουχεῖν
591 2937 627 2980 τε
659 2917 714 2979 καῖ
744 2907 932 2980 ἐποπτεύειν
963 2906 1050 2976 κατά
1079 2897 1212 2976 ταυτόν.
1288 2953 1291 2959 «

118 3014 272 3107 Ἁμαθὲς
297 3017 362 3109 γὰρ
388 3023 443 3086 καῖ
469 3018 637 3110 σφαλερόν
661 3009 749 3086 οἶδεν
775 3017 980 3107 ήπαροιμία
1001 3016 1040 3084 τό
1061 3018 1097 3082 ἐν
1115 3016 1210 3108 πίθῳ

125 3125 190 3212 τὴν
216 3133 391 3214 κεραμείαυ
417 3126 652 3196 διδάσκεσθαι.
696 3125 794 3214 Παρ”
820 3128 928 3211 ἐκείνῳ
956 3120 985 3192 δ’
1015 3116 1101 3208 ὅμως
1128 3128 1212 3210 ἱερο-

126 3237 311 3327 φαντούντι
333 3235 375 3302 τά
395 3238 532 3319 λογικῶν
553 3236 674 3324 τεχνῶν
694 3232 807 3323 όργια,
830 3227 902 3319 ἅμα
923 3230 964 3300 τό
987 3233 1135 3300 Μουσῶν
1155 3255 1212 3298 πε·

124 3339 253 3426 ποίτηκὲ
274 3367 323 3419 τις
344 3343 545 3430 προπύλαια,
578 3349 634 3411 καῖ
654 3351 857 3431 παραχρῆμα
876 3343 930 3407 καὶ
952 3335 994 3407 τοί
1021 3343 1085 3407 τῶν
1106 3339 1212 3406 ἀνακ-

121 3447 231 3536 τόρων
259 3447 439 3517 ἐπύκτευεν
468 3449 591 3537 ἄδυτα,
619 3456 673 3519 καί
701 3459 759 3538 τῆς
784 3443 1025 3536 τελετήςοῦδδν
1045 3435 1101 3527 ἦν,
1130 3438 1210 3534 ὅπερ
1234 3531 1237 3540 ι

121 3555 310 3628 ὑπελείπετο
327 3553 434 3651 ποίντη
454 3565 523 3637 τοῖς
540 3563 717 3628 νεοτελίσιν
736 3555 933 3648 ἀνὲκφορον.
958 3547 1060 3622 ’Λλλοί
1079 3579 1128 3632 τις
1147 3553 1210 3619 τῶν

122 3667 313 3755 φοιτώντων
333 3667 472 3732 πυκτίδα
489 3666 660 3750 ποιητικήν
674 3666 737 3736 ύπό
754 3665 866 3753 μύλην
884 3668 1009 3752 φέρων,
1032 3664 1135 3728 ἐδεῖτο
1151 3666 1208 3744 μί·
1314 3720 1321 3734 ,

118 3797 208 3860 τρωυ
227 3759 286 3860 μὲν
306 3771 427 3859 νόμους
445 3778 613 3856 μυεῖσθαι,
634 3780 690 3842 καὶ
706 3769 859 3863 ῥυθμούς
878 3765 1051 3856 ἁρμονίας,
1072 3771 1127 3834 καὶ
1150 3772 1210 3834 τοῦ

121 3879 242 3967 ἐτύμου
263 3883 327 3948 τῶν
348 3876 523 3967 όνομότων
544 3876 740 3964 ἀνάπτυξιν,
756 3881 1052 3975 ,φυχαγωγεῖοθαί
1067 3903 1102 3952 τε
1123 3872 1212 3963 προί-

118 3993 198 4075 ξεων
220 3988 545 4076 ἀρχαιολογουμένων
564 3986 794 4076 μυθεύμασιν·
835 3979 901 4056 εἷθ’
925 3982 1108 4076 ὑπέστρεφε
1133 3980 1210 4049 ταύ-

118 4122 187 4168 των
206 4122 239 4165 τι
257 4093 386 4186 θεωρός
404 4097 543 4181 ἐντελής,
565 4100 621 4168 καὶ
642 4103 708 4166 τῶν
725 4101 971 4186 μυστικωτίρων
991 4089 1030 4182 οἱΙ
1049 4086 1211 4182 παράπαν
