2874 4776
418 1398 926 1530 Pannasnle'

167 1933 177 1962 ’-
215 1925 501 2020 Thessalonica,
536 1923 784 2028 Macedoniae
806 1925 1050 2024 metropolis,
1086 1925 1194 2036 anfus

113 2045 354 2151 antiquitates
379 2056 465 2150 post
484 2048 619 2124 Belleii
640 2049 951 2146 Observationes,
982 2053 1032 2126 de
1053 2050 1192 2136 eodem

111 2184 337 2278 argumente
356 2200 391 2251 a.
411 2175 509 2250 ma
528 2173 704 2274 scriptos,
719 2171 758 2265 ἢ
783 2174 958 2273 ampliori
975 2179 1191 2258 nemone

108 2301 351 2396 illustramus,
371 2299 507 2403 insigni
524 2301 701 2400 exemplo
722 2301 859 2374 dooere
880 2299 1044 2396 videtur,
1069 2329 1190 2402 pren.

109 2434 193 2501 tum
220 2424 404 2532 momenti
430 2449 506 2500 una
534 2423 636 2500 band
662 2449 749 2501 raro
773 2425 886 2520 urbs,
922 2425 1014 2502 lieet
1038 2427 1189 2528 imperii

109 2552 202 2628 sede
230 2573 318 2626 non
337 2555 487 2643 ornata,
523 2547 565 2622 in
599 2549 713 2625 rebus
740 2540 901 2649 fatisque
934 2552 1049 2628 toties
1079 2551 1188 2656 regni
1312 2613 1314 2620 .

106 2673 347 2751 moderandis
372 2673 527 2767 habeat,
560 2673 773 2772 siquidem
799 2699 877 2772 non
905 2676 984 2750 solo
1012 2677 1188 2756 leaenam

106 2798 211 2893 situ,
229 2823 366 2875 verum
387 2795 502 2872 etiam
518 2795 726 2886 incolarum
743 2797 894 2898 ingenio
914 2803 1077 2880 exoellit.
1128 2803 1186 2882 Ea

55 2927 61 2944 “
104 2928 208 3002 enim
221 2927 363 3022 civitas,
388 2927 568 3002 Graeciae
587 2932 626 2999 et
637 2922 879 2998 Macedoniae
896 2924 1078 3016 adsersus
1095 2928 1185 3007 bor..

102 3051 282 3124 berorum
304 3027 652 3150 septentrionalium
673 3047 887 3125 invasiones
907 3048 1046 3124 iterum
1068 3059 1182 3152 atque

102 3175 241 3249 iterum
262 3175 494 3274 sospitatrix,
523 3176 636 3274 longo
663 3171 780 3245 medii
810 3171 898 3246 aevi
916 3171 1093 3250 decursu>
1114 3175 1182 3253 sax

104 3301 293 3401 quaedam
319 3299 560 3378 humanitatis
597 3297 721 3372 extitit
753 3295 918 3395 fideique
948 3297 1183 3378 Christianae

101 3423 327 3522 promotrix.

139 3715 173 3795 *)
199 3713 416 3781 ohservatimo
439 3741 495 3782 aar
521 3719 670 3784 Phisioire
696 3733 727 3783 et
748 3743 803 3784 ear
825 3719 870 3783 les
890 3737 1064 3784 monument
1084 3719 1123 3782 de
1142 3719 1175 3782 lo

100 3823 105 3830 ·
126 3849 129 3856 .
178 3795 252 3857 ostie
268 3795 603 3884 ssessnlonipue,·par
619 3805 664 3865 M.
686 3798 788 3864 i’abbei
802 3800 951 3887 Belley.
995 3807 1109 3863 inserta
1128 3811 1177 3891 eat

175 3871 254 3938 haee
276 3881 483 3944 commentatio
505 3881 661 3951 Memoriis
681 3881 739 3945 lin.
758 3895 848 3962 atque
866 3880 1013 3964 inscripta
1035 3883 1173 3943 Francia.

176 3953 253 4017 Vol.
269 3957 463 4025 xxxvffl.
484 3961 566 4023 Soet.
586 3961 693 4027 histor.
711 3983 743 4048 p.
756 3959 929 4028 lat-1463
958 3958 1173 4026 Recudeadam

175 4036 594 4128 momonepponnioa
850 4085 852 4090 ,
1022 4083 1028 4090 -

258 4138 263 4156 ⁸
898 4151 920 4196 ᾖ
