2890 4774
258 411 335 490 4⁰8
463 455 491 484 .·
682 433 900 488 mnumx.
1236 406 1331 502 [σεε.

264 586 476 677 Χριστιανῶν
496 581 617 672 α’ίμασι
633 587 831 675 χαίροντας,
859 589 914 656 καλ
935 583 995 654 οὐκ
1012 579 1058 662 τίς
1077 579 1188 670 μάτην
1203 589 1330 676 χαίνον·

261 720 338 776 τας,
356 690 432 764 ἀλλ’
449 691 659 784 ἀρτιάζοντας
677 699 734 764 καλ
751 691 995 790 λαφύσσοντος.
1026 696 1101 762 Νῦν
1121 698 1157 763 δὲ
1175 691 1214 764 οὐ
1232 695 1330 784 μόνον

262 795 581 894 άπεσφενδὸνηνται,
609 802 695 873 άλλά
719 808 775 875 καί
801 808 835 874 οί
860 810 922 891 μίν
949 802 1025 874 οίῢί
1050 798 1133 874 εἰσιν
1158 803 1222 886 ἔτι,
1253 808 1284 874 οἱ
1302 807 1332 874 δὲ

263 917 326 982 τοῦ
352 907 434 978 είναι
459 911 550 978 λύκοι
577 909 790 994 ἐξελάθοντο.
835 908 996 982 Μάλιστα
1016 916 1078 998 μὲν
1096 897 1155 980 οὖν
1176 913 1213 980 ἐκ
1233 909 1331 982 λύκων

264 1015 386 1097 αὐτοὺς
406 1013 451 1097 εἰς
471 1012 671 1108 ἀνθρώπους
689 1017 907 1107 μετεστήσας·
927 1023 982 1088 καί
1001 1012 1082 1106 ὅπερ
1102 1015 1120 1088 ὁ
1142 1021 1200 1109 τῆς
1217 1023 1333 1108 Κίρκης
1408 1091 1409 1114 χ

263 1123 386 1198 νυκτῶν
412 1131 671 1222 λογογραφείται
697 1138 819 1208 ποιεῖν,
851 1129 951 1198 τοῦτο
973 1125 1024 1198 ἐπ’
1050 1121 1215 1210 όληθιίας
1234 1127 1334 1223 φόβος
1408 1117 1409 1130 ’

264 1235 435 1326 βασιλικὸς
461 1237 494 1319 ἐξ
520 1231 743 1332 ἀντιστρόφου
772 1244 833 1306 νῶν
858 1234 1103 1328 κατεπράξατο,
1138 1242 1195 1304 καλ
1226 1237 1283 1306 οὐκ
1309 1237 1338 1319 ἐξ

267 1341 459 1435 ἀνθρώπων
479 1341 524 1423 εἰς
544 1349 675 1434 θῆρας,
704 1344 779 1414 ἀλλ’
804 1346 838 1428 ἐξ
861 1351 985 1414 λκιίνων
1008 1339 1053 1422 εἰς
1079 1339 1218 1423 τούτους
1244 1366 1339 1430 μετα·

267 1449 414 1542 βιβάσας
437 1449 611 1522 θειότατα.
642 1456 715 1522 Καί
731 1478 781 1534 τις
798 1455 861 1541 μία
883 1456 940 1522 καί
957 1449 1043 1536 αὕτη
1062 1453 1186 1538 ποίμνη
1205 1448 1271 1524 ὑπὸ
1287 1479 1338 1522 κα-

268 1561 317 1646 λῶ
337 1566 467 1647 ποιμένι
486 1562 533 1647 τῷ
551 1563 658 1655 ίνθίιρ
684 1562 861 1650 συνάγεται
880 1563 1021 1649 βασιλεῖ,
1052 1567 1118 1628 τῶν
1135 1563 1269 1650 θηρίων
1289 1558 1340 1631 οὐκ

268 1665 422 1738 ἑκόντων.
464 1663 531 1736 Οὐκ
550 1655 610 1738 οὖν
625 1671 751 1759 μερίδες
767 1673 804 1738 αί
818 1677 881 1759 μὲν
897 1666 995 1756 ήμῐν,
1017 1671 1053 1736 αί
1073 1672 1109 1737 δὲ
1127 1676 1197 1746 τοῖς
1216 1670 1341 1738 ἔθνεσι·
1409 1657 1410 1668 ¹

270 1773 345 1846 ἀλλ’
365 1776 456 1846 ἔστιν
475 1776 569 1863 ήμῶν
589 1775 632 1846 τά
655 1775 777 1848 πάντα.
826 1781 893 1848 Καί
921 1777 964 1846 σίν
985 1771 1040 1845 διὰ
1066 1777 1173 1844 ταῦτα
1196 1777 1343 1865 βασιλεὺς

272 1886 327 1952 taz
345 1882 475 1963 πάντας
494 1881 674 1973 ἀήττητος·
700 1892 756 1956 καί
775 1889 903 1957 δέδεται
923 1886 982 1954 νίν
1002 1879 1020 1955 ὁ
1040 1883 1181 1971 πόλεμος
1205 1886 1262 1954 διὰ
1280 1887 1342 1968 σοῦ,

272 1989 313 2064 οὗ
333 1996 460 2081 χαλκίῳ
480 1992 627 2088 κεράμῳ,
667 1993 752 2064 κατὰ
779 1993 838 2064 τὸν
865 1995 925 2065 τοῦ
953 1993 1098 2062 παλαιοῦ
1122 1989 1224 2077 λόγου
1238 1991 1342 2084 Ἄρεα,

270 2101 308 2184 ἐξ
334 2092 374 2170 οὗ
393 2103 512 2186 λυθείη
543 2097 587 2171 ίίν
613 2104 732 2184 ἐκεῖνος
761 2099 1092 2191 τρισκαιδεκάμηνος,
1122 2095 1212 2168 ἀλλὰ
1239 2102 1340 2195 δεσμῷ

272 2207 417 2303 ἆρῤήτφ,
438 2204 585 2301 οἰφόκτῳ,
606 2206 728 2304 ἀλείτην·
749 2206 803 2304 ἐφ’
816 2209 895 2281 ὅσον
915 2206 959 2278 ῶν
980 2207 1019 2276 οὑ
1038 2203 1143 2292 μόνον
1162 2213 1235 2289 τοῖς
1250 2234 1343 2298 στρα·

270 2325 432 2397 τιωτικοῖς
457 2311 588 2401 ὅπλοις,
622 2316 661 2387 τὸ
687 2320 747 2404 τῆς
773 2320 972 2405 παροιμίας,
1006 2315 1343 2409 ε’νιστουργηθήσεται

208 2423 210 2437 '
271 2423 444 2514 ἇράχνειον
462 2417 617 2518 ίίφασμα,
637 2423 722 2495 ἀλλά
744 2433 801 2499 καί
826 2423 932 2515 όνομα
954 2429 1098 2512 πολέμου
1122 2416 1221 2514 οἶμαι
1244 2427 1343 2498 &aab

271 2530 462 2622 λακήσεται.
499 2534 591 2614 Τίνες
619 2529 661 2602 σίν
682 2521 771 2622 ήσαν
796 2539 827 2606 ολ
848 2529 1078 2626 μεγαλόφωνοι
1091 2531 1263 2621 Ἕλληνες,
1291 2537 1343 2620 τήν

271 2645 326 2714 ἰπὶ
346 2639 554 2713 Ἀνταλκίδου
587 2644 680 2727 νίκην
714 2647 770 2712 καί
803 2645 863 2731 τήν
896 2643 1025 2710 ίκείθεν
1056 2637 1187 2728 εἰρήνην
1221 2638 1342 2731 ῶεγηγο·

273 2752 423 2843 ροῶντες,
445 2752 473 2820 εί
492 2747 552 2833 τήν
572 2745 660 2818 καθ’
674 2746 764 2838 ήμῶς
785 2746 1002 2840 ἑωράκεισαν·
1038 2742 1123 2819 ὅπου
1142 2755 1286 2838 τοιαῦτα
1305 2746 1342 2820 τό

272 2863 334 2960 τῆς
352 2863 456 2944 νίκης,
478 2854 522 2938 ῶς
541 2859 655 2926 πᾶσαν
673 2865 735 2944 γῆν
754 2860 950 2947 περιελθεῖν,
969 2860 1024 2926 καί
1045 2856 1106 2947 τήν
1124 2854 1257 2946 εἰρήνην
1271 2865 1343 2950 ἔχειν

275 2970 473 3060 σῶντροχονς
497 2960 584 3034 Ἡδὺ
601 2967 663 3053 μὲν
681 2971 737 3034 καί
758 2964 921 3036 θάλασσα
939 2966 1094 3058 φυγοῦσα
1110 2975 1275 3055 χειμῶνα,
1295 2978 1344 3042 καὶ

275 3078 358 3170 πρὸς
379 3079 511 3168 λαρινήν
529 3070 717 3162 ἁπλουμὲνη
737 3067 897 3160 γαλήνην,
932 3077 987 3141 καί
1009 3069 1068 3157 τήν
1088 3073 1250 3164 λπιπολήν
1270 3071 1342 3144 άκό·

275 3210 405 3281 μαντον
424 3179 702 3274 παραυγάζουσα·
740 3181 778 3253 τὸ
799 3182 859 3252 σὸν
879 3184 912 3250 δὲ
931 3179 1011 3267 ήμίν
1030 3180 1090 3271 ἔαρ
1109 3189 1225 3260 τοῦτο.
1253 3189 1307 3252 ’καί
1326 3175 1343 3264 ή

277 3301 337 3388 τῆς
358 3294 523 3384 χειμερίου
548 3288 658 3380 μάχης
686 3285 864 3377 ἀπόλυσις,
897 3291 953 3356 καί
981 3288 1019 3358 τὰ
1048 3297 1107 3378 τῆς
1132 3285 1263 3378 εἰρήνης
1287 3317 1344 3378 γα-

278 3409 415 3491 ληναίον
441 3399 499 3471 οὐκ
524 3399 612 3468 ἔστιν
639 3397 711 3468 ὅτι
736 3402 833 3485 μέρος
858 3393 978 3486 ήδονής
1004 3395 1045 3469 οὗ
1073 3398 1278 3488 παρήλασεν.
1304 3396 1344 3468 ’Ὠ

186 3559 188 3566 >
277 3509 432 3600 πολέμων
447 3511 590 3588 ἐκείνων,
623 3514 658 3576 ἐν
678 3499 727 3586 οἷς
747 3506 839 3575 άπαν
857 3509 1011 3593 πολέμιον
1031 3509 1076 3588 εἰς
1097 3507 1208 3600 φυγήν
1229 3504 1346 3595 άμετά·

278 3642 440 3710 στρεπτον
462 3615 615 3709 ἔτρεφας.
650 3610 697 3680 ’Ὼ
722 3616 936 3702 καταιγίδων,
968 3610 1009 3696 ῶς
1033 3613 1113 3704 ήμῑν
1139 3616 1184 3697 εἰς
1208 3616 1345 3704 αἰθρίαν

276 3739 451 3826 λστρεφας.
490 3726 537 3798 Ὢ
557 3726 737 3812 πολεμικῶν
758 3725 883 3794 ἐκείνων
903 3731 1060 3812 σεισμῶν,
1088 3724 1125 3794 οἳ
1147 3725 1224 3805 τοὺς
1250 3712 1345 3812 θεμε-

276 3845 365 3920 λίους
384 3840 451 3907 τῶν
465 3834 654 3924 Ῥωμαϊκῶν
674 3832 797 3902 πόλεων
817 3820 858 3920 ήν
879 3825 933 3901 ὅτε
953 3833 1232 3921 ὑπονομεόσαντες
1255 3833 1344 3920 άνερι

278 3945 432 4036 ῥήγνυον.
473 3941 573 4016 Ἀλλά
598 3946 657 4014 νῦν
682 3938 762 4028 ήμῖν
788 3941 841 4010 ἐπ’
865 3932 1039 4032 άσφαλοῶς
1060 3949 1096 4014 αί
1113 3940 1222 4022 πόλεις
1242 3938 1345 4031 ἰ’ὀρνν·

277 4053 348 4140 τάν,
371 4049 450 4128 ὅσαι
468 4061 530 4142 μὲν
550 4058 735 4130 κατέπεσον,
755 4048 944 4120 άναστοῖσαι
966 4052 1010 4130 εἰς
1027 4047 1197 4144 σίριθμόν·Δ
1215 4042 1346 4120 όσαιὸλ
