2890 4774
140 397 246 490 11.].
342 403 600 474 Eusmnws
625 371 1023 472 66666u06166661s.
1142 397 1219 474 ³86

140 567 328 664 Πεφόβητο
352 565 420 660 γὰρ
441 566 533 636 ἅπαν
554 571 704 640 τοιοῦτον
726 575 784 650 666
802 575 994 659 περιΐστατο
1014 568 1222 664 φυλαττόμι-
1247 618 1250 622 -

140 705 219 762 νον,
247 675 292 767 ’μὴ
321 684 391 770 τοῖς
416 682 487 756 σοῖς
511 675 620 764 λόγοις
640 675 684 758 ὡς
701 682 811 758 λα’θοις
829 675 1038 765 βεβλήσεται.
1076 683 1220 752 Καίτοι

139 791 175 858 τὶ
199 789 298 870 τοῦτο
326 781 369 864 ὥς
394 807 427 854 τι
452 785 657 872 θαυμαστὸν
684 789 825 877 εἴρηται,
860 782 916 858 ὅτε
946 795 1003 858 καλ
1029 794 1219 877 βασιλεῦσιν

30 969 32 973 ,
140 893 254 977 αὐτοῖς
292 895 351 966 οὐκ
389 891 546 964 ἀσπουδεὶ
581 897 692 985 παρῆν
731 894 940 982 ἐντυγχάνειν
972 921 1044 982 σοι,
1085 902 1141 968 καλ
1176 894 1221 980 ὡς

141 1014 211 1084 τοῖς
247 1000 377 1082 ἀλλοις,
419 1006 453 1070 ἐκ
487 1005 546 1070 τοῦ
578 999 799 1096 ὑπέρφρονος,
842 1004 903 1074 666
939 1003 1028 1076 αἰδοῖ
1063 1011 1096 1076 66
1131 1009 1221 1095 μάλ-

123 1118 202 1192 Ιλον
229 1117 285 1182 καὶ
312 1109 492 1206 ἀποστολῇ,
526 1108 644 1181 ὁποίαν
671 1117 780 1199 σχοῖεν
806 1109 850 1180 66
876 1115 932 1180 ιισιλ
958 1117 1115 1200 μαθηταὶ
1136 1114 1221 1202 πρὸς

143 1217 371 1312 διδάσκαλον;’
393 1213 513 1306 Ἅγιοι)
540 1225 599 1308 μὲν
626 1208 686 1289 οὗν
712 1226 769 1289 καὶ
795 1220 940 1314 φοβερὸν
968 1219 1152 1309 ἀνυμνοῦσι
1180 1219 1220 1294 66

141 1329 251 1418 ὄνομα
279 1330 367 1398 θεοῦ
394 1329 426 1397 66
453 1331 599 1421 ψαλμοὶ,
629 1333 686 1398 καλ
712 1328 797 1405 θεὸν
823 1329 925 1398 αὐτὸν
949 1329 990 1399 66
1014 1327 1118 1417 μόνον
1140 1328 1219 1419 φῶς,

133 1422 230 1508 Ιἀλλά
257 1441 314 1508 νισιλ
342 1437 407 1529 πῦρ
433 1439 675 1508 καταναλίσκον
691 1434 838 1530 ᾄδουσι·
873 1443 928 1506 καὶ
957 1435 1227 1530 πολυόφθαλμον,

139 1543 318 1640 Σεραφελμ
346 1550 504 1632 βλέπουσι
533 1554 595 1635 μὲν
625 1546 806 1626 διαπαντός
834 1545 953 1616 τούτου
973 1547 1011 1614 τὸ
1032 1543 1220 1638 πρόσωπον·

142 1655 203 1725 οὐκ
231 1652 439 1746 ἀπονέστερον
468 1659 503 1723 δὲ
529 1652 822 1742 ιιατεμβλέπουσιν,
857 1651 931 1723 οὔτε
951 1648 1030 1724 ὅλον
1055 1659 1110 1724 καὶ
1130 1651 1222 1736 ὅλοις

143 1763 431 1851 ἀναπεπταμένοις
452 1769 520 1843 τοῖς
540 1760 696 1852 ὄμμασιν,
717 1760 971 1850 ἀπεσταλμένοις
992 1766 1222 1852 δὲπαρσρῶσι,

144 1878 201 1940 καλ
227 1865 309 1940 ὅσον
335 1899 369 1938 αι
391 1881 558 1958 πτέρυγες,
591 1875 710 1951 αἵτινές
731 1880 811 1942 ποτε
832 1869 910 1940 εἰσιν
931 1874 968 1939 αἱ
987 1879 1141 1960 πτέρυγες
1161 1860 1223 1938 66-

142 2002 215 2062 ται,
241 1980 495 2105 παρανοίγουσα
544 1980 614 2048 Καὶ
635 1979 726 2067 ἥλιος
747 1973 841 2048 δε
803 2007 898 2059 ουτος
918 1975 936 2049 ὁ
957 1975 1140 2062 αἰσθητὸς,
1171 1971 1222 2056 οἷς

141 2084 250 2176 μὲν’
230 2085 359 2176 απὸχρη
384 2085 493 2175 μόνον
522 2084 748 2157 66666666'
728 2090 888 2186 ακτίνοιν,
919 2084 1095 2174 ἥδιστος’
1075 2090 1222 2176 αστὲροιν

142 2202 199 2264 666
221 2190 292 2264 οἷον
314 2197 547 2288 ὀφθαλμοῖςέ
548 2222 621 2265 στιν
642 2194 766 2290 ὄφεως
765 2171 783 2208 ⁰
805 2200 838 2264 εἴ
854 2222 902 2276 τις
929 2201 964 2264 δὲ
991 2192 1104 2263 ἀναιδέ
1091 2202 1221 2283 έστερον
1244 2199 1246 2204 ’

142 2301 348 2400 ἀντιβλέπειν
373 2304 456 2399 αὐτῇ
482 2308 521 2400 τῇ
541 2309 668 2396 πηγαῖα
689 2307 752 2372 τάν
774 2301 911 2374 ἀκτίνων
931 2310 1060 2434 σφαίρφ
1080 2307 1221 2395 φιλονει-

143 2409 266 2498 κήσειε,
299 2410 477 2480 θάττον”
454 2439 497 2480 αν
515 2413 626 2506 ὑφέξει
648 2418 739 2496 δίκην
761 2421 819 2502 τῆς
840 2411 1052 2500 ἀσυμμέτρου
1073 2417 1146 2488 ταῖς
1164 2408 1222 2479 κό·
1257 2426 1259 2432 ’

36 2538 39 2543 ’
141 2547 218 2608 ραις
244 2519 566 2644 ἀντοφθαλμήσεως.
612 2520 708 2591 Κατὰ
730 2520 835 2590 ταυτά
858 2525 913 2589 και
935 2522 999 2618 τῶν
1020 2514 1223 2607 προσιόντων

141 2651 210 2707 σοι,
236 2654 282 2720 τῳ
270 2624 432 2695 καθ’
414 2636 503 2754 ημᾶς
526 2626 782 2718 θεοειὸεστάτιρ
791 2626 885 2723 ἡλίῳ,
916 2626 976 2696 οὐκ
997 2627 1144 2714 ἀνδρεῖος
1165 2613 1223 2712 ἦν,

141 2732 216 2803 ἀλλ’
238 2733 338 2814 ἀνους
359 2739 414 2803 καὶ
435 2734 567 2821 ἰταμὸς,
597 2736 742 2822 ἀγνοῶν,
764 2732 842 2807 ὅποι
861 2741 940 2806 ποτὲ
959 2733 1107 2804 κινδύνου
1127 2737 1222 2826 φέρε-

140 2856 229 2922 ται,’
243 2837 263 2908 6
286 2841 332 2928 μὴ
354 2837 441 2910 πάυυ
473 2867 505 2910 τι
531 2838 674 2932 εὐλαβῶς
702 2845 848 2934 προσιὼν
878 2849 932 2913 ναὶ
957 2846 1225 2934 πεφυλαγμένος,

143 2948 257 3039 μήπου
287 2977 320 3018 τι
341 2956 468 3039 ἐκμελὲς
488 2956 781 3044 παραφθέγξαιτο,
809 2949 830 3037 ἢ
852 2950 955 3029 ἀλλοις
976 2947 1225 3041 ὑπαγροικίσαι·

142 3084 193 3128 το.
249 3059 294 3128 Τὸ
329 3061 395 3150 γάρ
431 3064 675 3150 ἐπιτιιιηθῆυαι
709 3060 801 3150 παρά
836 3068 900 3130 σοῦ
933 3059 1004 3128 ἶσον
1034 3046 1075 3141 ἦν
1107 3065 1156 3144 τρῖ
1185 3078 1222 3144 γε

141 3175 342 3255 μαινομένῳ,
361 3172 416 3236 καὶ
437 3168 498 3258 τὴν
518 3172 581 3255 γῆν
600 3170 773 3257 διαστῆναί
791 3174 822 3238 οἱ
842 3165 958 3256 αὐτὴν.
1002 3162 1049 3236 06
1068 3165 1135 3256 γὰρ
1154 3183 1224 3260 ψυ·

141 3279 335 3364 χαγωγῆσαι
365 3278 469 3364 μόνον
498 3275 668 3365 ἐμμούσιυς
695 3275 950 3366 ἐπαγωγότατος
970 3262 1068 3359 ἦσθα
1088 3279 1142 3342 καλ
1160 3301 1223 3362 χοι-
1244 3315 1248 3325 ‹

144 3391 321 3512 ριέστατος,
344 3379 429 3454 ἀλλά
449 3391 504 3454 καὶ
524 3388 694 3470 ἐπιπλῆξαι
716 3389 928 3476 παιδευτιιιάς
944 3387 1225 3512 ἐμβριθέστατος

144 3489 184 3561 66
210 3488 299 3560 κατὰ
329 3490 387 3560 τὸν
408 3492 490 3620 παρ’
512 3491 640 3626 θμήρφ
662 3491 769 3564 δεινὸν
791 3485 966 3580 ἀνδρα,ς
947 3497 990 3570 ος
1020 3489 1128 3578 τάχα
1157 3511 1225 3556 κεν

146 3605 229 3695 φησλ
259 3597 383 3669 καλ’
360 3601 564 3670 αναὶτισν
594 3599 799 3672 αὶτιὸιοτο.
853 3598 899 3667 Τὸ
925 3597 991 3685 γάρ
1017 3593 1140 3689 εὐλόγῳ
1168 3599 1225 3666 καλ

146 3708 265 3799 καιρίῳ
283 3703 425 3796 πλὲονῆ
447 3713 493 3793 τῷ
513 3712 649 3838 σφοδρῷ
667 3708 853 3796 βάλλον,’
837 3711 1030 3798 επέστρεφες
1051 3699 1110 3772 τὸν
1129 3699 1227 3770 6666·

73 3883 75 3892 ,
148 3843 236 3901 τιον,
266 3813 310 3897 ὥς
336 3815 413 3904 μηδ’
439 3810 499 3884 ἀν
508 3813 610 3884 αὐτὸν
636 3820 693 3884 τὸν
722 3812 956 3902 ἐπιτιμώμενον
984 3811 1236 3912 ἀπαρνεῖσθαι,-

149 3927 189 3996 τὸ
216 3927 261 4016 ιιὴ
289 3923 328 3994 66
354 3925 487 4004 δικαίας
514 3920 737 3994 εὐθύνεσθαι.
791 3914 949 4000 66666'
926 3951 945 4008 η
970 3946 1003 3989 τε
1025 3915 1236 4048 ἀγιρπρεπὴς

139 4031 240 4126 χάρις
265 4034 430 4126 ἐπεμειὸἰα
455 4057 530 4121 σοι,
557 4030 794 4125 μακαριώτατε
813 4033 956 4123 ἀνδροῖν,
984 4033 1040 4100 καὶ
1063 4027 1101 4098 τὸ
1125 4029 1226 4120 6666-
