2890 4774
285 433 362 510 416
715 455 932 507 ενοτυυιι.
1254 430 1349 532 [σίν.

286 605 481 701 ίνεφορτὶθη
495 607 553 676 καί
569 604 669 684 αὐτὸς
683 608 743 674 τοῦ
759 607 823 676 τῶν
837 603 971 694 ὁμαλιάν
986 611 1152 696 νίκταρος,
1172 609 1230 693 τῆς
1241 618 1273 682 λυ
1289 613 1352 680 δια.

288 717 410 799 λέξεσιν
423 713 621 803 ἀμβροσίας,
639 713 698 801 τῆς
713 715 828 796 λοιπῆς
842 715 1015 801 βασιλικῆς
1028 712 1235 801 γλυκύτητος.
1261 714 1354 789 Ἔπει-

289 821 388 911 ράθη
408 827 464 890 καί
486 825 546 902 τῆς
564 820 719 910 ἀνδρικῆς
738 820 1005 909 ῥαμαλεότητος,
1027 817 1093 892 ίίσα
1114 850 1152 912 με
1171 823 1254 908 είκός
1272 835 1303 896 h
1317 826 1354 897 τί·

294 931 376 1030 ρήνῃ
387 932 518 1022 βαθείᾳ
532 927 739 1016 στρατιώτην
749 929 889 1018 βριαρόν
895 933 1135 1015 ίπιδείξασθαι,
1145 935 1180 1001 ίν
1192 936 1353 1016 ίππασίοιις

287 1046 522 1167 μυμυαστικαῑς
542 1049 614 1115 ταῖς
632 1061 668 1104 τε
687 1034 819 1119 ἀλλοις,
841 1045 897 1107 καί
914 1033 978 1108 όοα
994 1041 1071 1168 τρίς
1085 1041 1200 1130 θῆρας
1215 1046 1353 1130 ῥίπτουσι

288 1147 367 1227 τούς
389 1144 580 1270 ὀρειβάτας,
608 1144 686 1223 τοὺς
709 1151 900 1236 πελωρίους·
937 1145 973 1215 οί
989 1141 1033 1235 μὴ
1058 1153 1170 1235 συχνοί
1191 1152 1353 1230 πίπτοντες

287 1256 326 1328 τό
341 1251 597 1378 παροινούμενον
611 1251 822 1342 ίρημιόσουσι
851 1257 920 1322 Καὶ
936 1253 1123 1342 θαυμάσας
1138 1259 1241 1326 ίκείνο
1242 1255 1352 1346 ,ἀπῆλ

285 1372 331 1436 θε
352 1363 513 1452 κάρυξ
472 1388 530 1444 της
545 1362 714 1448 βασιλικῆς
734 1359 991 1451 κραταιότητος,
1015 1368 1071 1431 καί
1091 1356 1178 1432 σίίτοι
1200 1363 1259 1446 τὴν
1273 1364 1352 1452 ίοχίν

285 1473 563 1553 ίπσλυτιλασίασε,
587 1475 643 1538 καί
664 1471 724 1538 τοῦ
752 1466 944 1560 περικείκλου
970 1468 1099 1552 πάντας
1123 1471 1268 1563 ίχθροός
1286 1477 1355 1541 ἔδει·

287 1579 420 1674 μάτωσε
440 1573 635 1666 μαθόντας,
661 1571 799 1663 εόμενῶς
820 1578 903 1666 ἔχειν
931 1577 1024 1672 αὐτῷ
1043 1579 1102 1649 τόν
1124 1576 1283 1669 ἡμέτερον
1305 1577 1355 1648 αίι·

285 1688 480 1779 τσιιράτσρα.
526 1688 597 1754 Καί
623 1682 861 1773 θαυμάσονται
888 1681 951 1770 μ’ίυ
970 1677 1045 1755 οίιία
1065 1691 1121 1756 καί
1144 1689 1253 1757 ταῦτα
1278 1693 1308 1756 οί
1328 1693 1355 1779 ίξ

280 1794 436 1887 Ἰσμαὴλ,
470 1795 531 1883 τὴν
563 1790 696 1882 μνήμην
727 1790 996 1881 ἀνακινήσαντες.
1060 1791 1142 1864 Obsi
1172 1796 1242 1890 γὰρ
1274 1796 1356 1866 αότοί

285 1906 433 1986 ἀπαθεῖς
454 1905 563 1973 κακῶν
583 1905 649 1971 τάν
667 1906 796 1970 ἐκεῖθεν
812 1898 981 1988 γεγόνασι.
1102 1955 1104 1964 s

367 2015 419 2081 13.
450 2015 571 2095 Θαῦμα
595 2011 776 2097 δὲμᾶλλον
798 2009 910 2090 αὐτοῖς
930 2014 982 2078 ἐπί
1005 2007 1160 2098 θαόματι
1175 2011 1289 2094 ἔσται,
1312 2003 1356 2080 ότι

284 2125 325 2198 σ’τί
345 2123 448 2214 μόνον
468 2123 525 2209 ῥὴξ
545 2126 663 2198 ἐκεῖνος
688 2122 724 2186 ἐκ
744 2114 844 2186 νότου
864 2123 1062 2209 πεφοίτηκα
1083 2127 1128 2198 τίς
1147 2116 1253 2206 ἡμᾶς,
1282 2115 1355 2188 ἀλλιί
1411 2147 1412 2202 ι

283 2239 338 2304 καί
357 2227 498 2319 λξὴμῶν
517 2229 653 2315 ἔναγχος
672 2229 780 2311 ἕτερος
800 2228 1030 2320 τσῑςΙβορείοις
1048 2229 1114 2296 τῶν
1133 2230 1291 2302 Παιόνων
1307 2234 1354 2317 με’·

282 2366 373 2432 ρεσιν
390 2341 561 2418 ἔσταλται,
581 2337 676 2405 οὐδίν
692 2332 867 2412 ίλάττουσς
882 2341 942 2420 γῆς
960 2333 1077 2424 ἀρχιον,
1098 2333 1188 2422 εἰμὴ
1207 2345 1265 2406 καί
1280 2340 1354 2428 μάλ·
1411 2337 1412 2346 ’

283 2455 342 2518 λον
361 2445 550 2535 ἀπείρυνσςξ
575 2439 632 2512 ἵνα
654 2447 709 2512 καὶ
730 2440 945 2535 βασιλείς.ίφ’
967 2439 1055 2529 ἡμάς
1075 2449 1279 2532 στέλλοιντο,
1306 2446 1354 2514 τόν

281 2563 334 2628 ίπί
362 2553 495 2626 πάντων
518 2549 676 2639 ὀψόμενοι
695 2551 945 2641 αὐτοκράτορα,
973 2559 1029 2623 καί
1048 2556 1087 2623 τὸ
1106 2551 1234 2642 κράτος
1254 2551 1353 2630 αίιτοίς

281 2660 614 2759 ίαισφραγισόμτνοι,
650 2667 705 2732 καί
735 2667 880 2750 βασιλεῖς
910 2650 1013 2744 αὖθις
1039 2659 1104 2754 ἀφ’
1133 2663 1231 2751 ἡμῶν
1258 2667 1352 2750 θερο·

281 2770 389 2844 πεόειν
408 2770 670 2860 ἐπιταττόμενοι·
708 2770 752 2851 τίς
773 2762 856 2840 εἶναι
878 2771 955 2851 τοὺς
971 2775 1030 2858 μὲν
1055 2768 1173 2850 ἀλλους
1199 2766 1352 2859 ἀρχημοίτ

280 2887 332 2990 ίπί
353 2878 429 2960 τοὺς
447 2877 499 2950 ὑπ’
522 2879 649 2963 αὐτοῖς,
680 2876 738 2948 τόν
763 2881 797 2948 ιίί
821 2874 981 2968 ἡμέτερον
1001 2877 1237 2967 αὐτοκράτορα
1258 2882 1348 2965 βασι·

276 2991 515 3076 λίυνβασιλία
535 2992 588 3056 καί
610 2989 824 3073 παμβασιλία
843 2986 890 3055 ίπ’
914 2989 1068 3067 ἐκτίνους’
1097 2983 1176 3071 ὃδὴ
1198 2982 1347 3076 μέγιστόν

280 3124 316 3169 τε
335 3104 392 3168 καί
413 3092 622 3185 ίξοχιίτατον.
724 3172 729 3180 ‚

362 3203 414 3274 1⁴.
445 3203 625 3291 Ἀνίμυησα
653 3199 737 3272 δί
714 3227 758 3272 αν
782 3203 859 3282 τοὺς
884 3203 919 3286 ἐξ
935 3149 1111 3336 Ἰσμαηλ’
1091 3200 1279 3294 ακροατάς,
1303 3199 1351 3270 καί

198 3319 201 3322 ’
277 3306 376 3392 οσους
397 3314 523 3406 ἑτέρους
542 3318 646 3404 ῥῆγας
664 3312 842 3390 ίκεινους
821 3339 841 3400 η
864 3308 985 3381 καθΗ
967 3318 1056 3396 ημᾶς
1071 3303 1134 3382 εἶδε
1152 3307 1249 3391 πόλις
1265 3303 1349 3432 αίίτη,

219 3422 223 3426 ’
277 3425 343 3494 τῶν
362 3429 428 3493 σοιν
450 3417 676 3508 προπεσόντος
696 3420 822 3500 ποδῶν,
854 3417 884 3487 εί
899 3445 943 3506 μη
966 3417 1050 3508 πρός
1071 3391 1263 3502 ἀλαζονείαν
1282 3412 1349 3486 τινὰ

275 3531 410 3620 ἔμελλον
430 3526 524 3598 αὐτοί
544 3512 795 3616 ίξομκιίσεσθαι
833 3529 903 3594 Ναί
924 3525 990 3616 γάρ
1010 3531 1042 3596 οί
1061 3529 1125 3595 τῶν
1143 3520 1314 3596 ’ίταλιον’
1294 3548 1350 3607 αρ-

271 3644 368 3730 χηγοί
388 3644 511 3721 ίκεῑνοι,
532 3637 591 3706 οίικ
610 3636 733 3766 ἀγαθρί
751 3632 987 3728 φρουίσαντες,
1007 3632 1134 3722 μεγάλα
1154 3633 1349 3726 φρονετνὸε-

275 3745 397 3818 δώκασι
416 3745 496 3816 καθ’
520 3748 642 3816 ἑαυτῶν
662 3745 738 3826 τοὺς
760 3742 916 3834 ίχθροός·
950 3748 994 3825 οἳ,
1015 3753 1107 3876 μέχρι
1128 3751 1188 3823 μίν
1207 3738 1270 3828 τὴν
1290 3735 1347 3823 τὴν

250 3892 256 3901 ·
275 3854 362 3942 είχσν
378 3860 474 3945 χεῖρα
494 3861 802 3946 συνεφαπτομένην,
821 3857 878 3922 καί
895 3854 965 3946 φῶς
985 3851 1098 3932 αὐτοῖς
1115 3845 1286 3920 ἐλπίδων
1266 3871 1348 3931 aya·

273 3959 386 4030 θεον’
370 3973 469 4031 οποῖα
490 3965 616 4032 στολῶν
636 3959 817 4031 θειοτάτου
837 3963 940 4047 πυρός
962 3957 1224 4046 αίθρίαζουσαν,
1257 3941 1346 4024 καλό

273 4066 333 4148 σός
353 4068 461 4163 φόβος
489 4077 558 4160 τοῖς
582 4073 718 4160 ίχθροίς
741 4070 896 4140 ίνεσείετο
916 4063 1132 4155 ίπαιμίζιον’
1111 4094 1155 4147 ως
1174 4071 1276 4159 νέφος
1294 4059 1346 4132 καὶ
