2874 4776
489 469 798 520 momontum·
1116 471 1190 532 lolli
1283 435 1287 442 ι

100 623 165 696 lom
182 618 416 706 Mngenianom,
447 639 487 686 en
512 579 550 686 so
574 617 662 692 linito
690 616 860 690 Mediolani
884 618 1001 702 egerit,
1029 623 1191 690 ezonoro

101 751 164 792 non
185 723 478 810 satisintelligitur.
525 723 646 792 Bellum
673 737 773 792 auteur
799 721 1009 810 llugeoittnunr
1034 724 1068 796 is
1093 748 1191 794 annor

101 831 174 905 393.
196 825 405 896 ratiocinio.
444 827 589 916 Idemque
609 827 724 895 bellom
745 850 811 895 outo
831 827 1002 898 narratione
1021 828 1191 916 Thessalo,
1212 835 1226 860 ‘
1285 825 1290 836 ’
1359 895 1362 903 ,

101 936 219 1010 nicensi
233 933 422 1022 Nicephoroe
436 931 582 1014 Callistus
599 931 620 1000 Ι.
639 955 666 1024 ⁰⁶.
676 929 798 1018 jungit3
819 954 916 1018 neque
929 946 1005 1014 oret,
1027 935 1108 1022 quod
1122 933 1190 1020 ejus

24 1027 28 1039 ⁴
102 1040 226 1128 quidam
246 1039 425 1127 interpretes
441 1037 580 1124 diogenio
599 1037 631 1102 in
650 1052 734 1110 textu
749 1035 913 1124 Nicephori
927 1023 1096 1112 Maximum
1115 1041 1191 1105 sub·

101 1145 279 1226 stituerent,
309 1165 479 1229 quenquam
505 1143 536 1212 in
556 1143 619 1208 fise
639 1142 820 1214 narrationis
839 1146 928 1230 (esp.
950 1143 1023 1228 41.)
1043 1146 1191 1218 Theodo-

101 1247 165 1326 sius
193 1247 302 1312 deinde
323 1245 603 1335 constantinopolin
631 1270 772 1324 reversus
799 1269 867 1312 erse
895 1244 1023 1331 dieitur,
1055 1251 1136 1335 quod
1156 1252 1189 1320 in

102 1376 214 1420 annom
249 1350 298 1432 his
330 1348 509 1417 anteriorem
539 1351 686 1422 cecidisse
716 1348 873 1439 putabunt,
924 1351 1067 1418 Ultimum
1095 1369 1189 1425 recte.

99 1443 179 1544 Ilo'm
199 1468 218 1522 e
240 1455 414 1522 Mediolano
434 1455 728 1546 post'Eugenionunr
750 1454 861 1520 bellum
878 1454 1084 1521 Theodosium
1104 1459 1189 1542 Cous·
1261 1486 1263 1495 ¹

99 1561 316 1650 stantinopolin
335 1583 489 1628 reversum
511 1585 570 1628 non
587 1559 693 1627 audivi
711 1567 745 1638 (e
760 1557 842 1626 rivis
858 1558 936 1630 sloiit
951 1561 1187 1644 17.1ειι.395).

100 1667 190 1748 Qucd
218 1689 292 1732 vero
319 1666 399 1754 apud
422 1667 592 1740 Cedrenuor
616 1666 879 1754 Nicephorumquo
903 1663 1062 1731 Callistum
1090 1663 1113 1732 l.
1139 1689 1186 1747 o„
1224 1730 1229 1736 ,

98 1771 324 1842 Mediolanensi
339 1771 485 1858 obsequio
502 1771 690 1859 imperatoris
704 1759 847 1859 ¹perquam
864 1768 974 1850 simile,
994 1769 1105 1854 legitur
1119 1775 1189 1849 (ao-

99 1876 213 1942 eidisse
227 1873 489 1964 Constantinopoli
510 1881 667 1958 narrent),
689 1875 719 1941 id
739 1873 803 1951 lere
824 1872 898 1939 cleri
918 1873 1085 1964 Byzantini
1105 1895 1189 1947 eom·

96 1997 230 2046 mentum
251 2004 319 2047 esse
339 1981 491 2064 cristino,
513 1979 564 2067 qui
584 1969 798 2070 poenitentiam
814 1977 957 2066 principis
973 1977 1189 2047 Mediolanen-

95 2109 160 2151 sem
176 2085 239 2152 suls
253 2109 374 2173 quoque
387 2080 617 2173 imperatoribus
635 2081 894 2150 commendabant.
929 2081 1070 2170 Denique
1089 2083 1190 2169 legens

96 2190 277 2271 Theodosii;
297 2205 365 2278 post
384 2191 596 2280 poenitentiam
618 2191 684 2274 ejus
704 2205 781 2257 teste
801 2191 914 2276 Rufino
935 2191 1064 2276 aliisque
1083 2191 1188 2270 letam,

98 2295 151 2380 qui
171 2293 202 2360 in
222 2295 436 2361 Theodosieno
452 2294 566 2361 (lodice
586 2292 646 2359 sibi
665 2291 820 2359 invenisse
840 2276 992 2376 violentur,
1013 2295 1036 2360 ii
1057 2294 1189 2380 diligen·

97 2400 159 2464 tine
180 2423 247 2464 euro
268 2398 366 2486 ipsum
387 2400 537 2488 inspicere
558 2397 728 2479 debebant,
757 2419 846 2482 qnam
866 2397 1022 2467 Historiae
1042 2401 1188 2466 ecclesia·
1260 2386 1262 2392 ¹

98 2505 195 2571 stione
214 2503 381 2590 tripartitae
401 2503 727 2572 auotorcassiodcrne
746 2500 802 2568 lib.
824 2504 875 2586 10,
895 2505 941 2585 3.,
961 2507 1019 2572 ell.
1048 2509 1187 2592 Namque

98 2607 272 2674 constitutio
291 2607 384 2706 impp.
405 2609 554 2690 Gratiani,
576 2605 743 2691 Theodosii
757 2621 787 2672 et
800 2608 939 2693 Arcadii,
960 2611 1110 2677 Flaviano
1124 2613 1185 2678 Pr.

94 2712 215 2803 lllyrici
239 2726 270 2776 et
289 2713 397 2779 ltalieo
426 2716 464 2778 de
485 2715 630 2780 diletione
650 2713 804 2781 vindictae
823 2717 911 2796 date,
939 2739 1050 2783 annum
1070 2729 1187 2804 speottu

98 2821 172 2884 382.
193 2821 279 2902 (XV
299 2821 368 2886 cat.
391 2823 495 2908 Sept„
514 2821 689 2899 ¹Veronae,
718 2821 848 2885 Antonio
869 2835 899 2884 et
920 2822 1051 2910 Syagrio
1071 2823 1185 2901 coss),

95 2947 155 2990 non
175 2945 285 2988 ennom
303 2925 366 2990 399
386 2928 438 2988 vel
457 2925 547 2990 etiam
564 2919 773 3020 posteriorem,
794 2925 864 2992 coll.
880 2928 1036 2994 Theodcs.
1056 2927 1136 2992 (lod.
1150 2923 1184 3005 9,
1297 2913 1298 2918 ¹

95 3028 137 3092 19
158 3025 212 3108 (tle
226 3027 363 3112 poenis),
384 3030 434 3093 13.
475 3030 659 3117 Βοῑιρειὶιαιιι
676 3045 774 3097 tamen
794 3030 891 3115 legem
909 3032 1003 3098 luisse
1024 3044 1092 3120 post
1112 3019 1181 3096 eee'·
1193 3039 1237 3107 38

94 3133 162 3196 dem
185 3131 505 3213 Thessalonicensem,
534 3133 608 3199 mihi
626 3155 753 3219 'quoque
773 3134 855 3200 haud
875 3135 1075 3222 improbabile
1093 3138 1183 3205 ride-

94 3252 159 3318 tur,
184 3256 363 3322 quamquem
385 3237 460 3306 nihil
483 3239 521 3302 do
541 3261 578 3308 ea
598 3261 632 3304 re
650 3239 800 3326 proditum
821 3264 890 3310 esse
911 3241 1043 3310 ridetur.

171 3355 356 3442 Requiescat
384 3357 416 3422 in
443 3380 518 3444 pace
538 3358 670 3443 nogenti
696 3360 818 3449 tyranni
847 3361 960 3443 victor,
989 3365 1182 3434 Theodosius

90 3467 246 3548 Magnum
275 3459 346 3526 item
367 3465 496 3528 Sanctus
522 3461 703 3534 Ambrosius
726 3465 986 3549 Mediolanensis,
1013 3469 1181 3536 Theodosii
1215 3475 1219 3479 ’

88 3566 198 3642 victor.
243 3567 400 3650 Pergimue
425 3567 464 3633 ad
485 3567 576 3634 aliurn
596 3571 872 3654 praesulem-non
892 3572 1013 3658 quidem
1034 3573 1179 3662 principis
1320 3619 1325 3630 ·

88 3669 238 3752 Romooi,
268 3670 322 3739 sed
343 3670 536 3736 harbarorum
554 3670 788 3758 debelletorern,
814 3676 988 3765 episcopum
1010 3679 1179 3746 Thessalo-

85 3776 260 3855 nicensem,
286 3797 377 3860 quam
404 3778 570 3846 seculare·
597 3782 717 3850 illorum
745 3786 910 3854 antistitum
939 3785 1079 3852 virtutem
1107 3782 1177 3851 aliis

86 3879 200 3977 dehinc
219 3879 369 3965 exemplis
391 3879 518 3952 historia
537 3885 821 3956 Thessalonicensis
842 3890 953 3956 cleram
981 3888 1081 3958 laniet.
1121 3889 1177 3954 uso

86 3987 224 4050 seculum
246 3984 361 4050 Christi
389 3985 542 4070 quintum,
572 4011 669 4062 onnus
687 3993 752 4076 (sio
771 3983 907 4075 videtur)
928 3995 1021 4074 479„
1050 3991 1174 4059 indietis
1306 4029 1310 4040 .

85 4086 235 4168 secunde,
254 4087 388 4164 Zenonis
406 4091 571 4180 Byzantini
591 4095 782 4188 inperatoris
800 4119 898 4168 aneos
912 4113 1036 4189 sextus,
1056 4098 1175 4184 dequo
