2874 4776
492 449 807 510 raowoomaus.
1147 457 1192 506 lx

193 599 311 669 Horo!
329 597 534 668 narrationum
554 600 737 682 secundam,
770 621 849 690 quaa
865 597 1037 692 Philippum
1055 627 1075 670 e
1091 605 1196 682 'lhos-¹

112 701 252 792 salonica
274 703 338 770 filia
366 701 435 772 ochi
460 727 568 772 nomen
592 703 772 794 imposuisse
790 705 902 788 resen,
930 705 1021 778 claris
1039 709 1142 778 verbis
1160 711 1194 780 iu

114 807 327 898 Etymologico
348 813 395 877 M.
415 831 442 876 s.
464 832 497 876 r.
518 810 643 893 inveni,
664 811 762 880 minus
782 825 886 900 aparte
906 811 988 898 apud
1007 814 1194 901 Stephanum

114 910 301 1000 Byzantium
319 913 344 980 l.
360 935 389 982 o.
438 915 500 980 Sed
525 915 716 1006 Philippum,
744 914 910 984 Alexandri
930 918 1038 1004 Magni
1059 927 1192 1008 patiam,

113 1016 293 1106 Philippos,
321 1017 472 1086 'l'hcaciae
499 1019 621 1105 ucham,
651 1018 800 1088 Grenidas
827 1026 881 1102 (ut
899 1021 1028 1104 volunt)
1055 1040 1124 1092 ante
1145 1026 1195 1092 di·

113 1139 213 1206 ctam,
234 1146 275 1188 ex
295 1146 329 1190 so
349 1127 596 1212 cognominante,
617 1141 688 1196 nota
707 1123 829 1214 quidem
848 1147 897 1190 rss
913 1139 975 1192 est:
998 1128 1128 1196 nondum
1146 1144 1194 1198 ta·

12 1319 13 1322 ¹
115 1249 185 1304 men
206 1227 328 1313 audivi,
349 1230 511 1300 liberorum
529 1255 648 1320 quoque
668 1229 856 1312 nominihus,
876 1252 953 1314 quos
974 1253 991 1300 a
1013 1231 1105 1298 variis
1126 1258 1194 1300 mu·

113 1328 242 1398 lierihus
270 1335 440 1424 suscepisse
467 1351 604 1421 constat,
639 1337 680 1404 ad
700 1336 827 1404 eandem
846 1357 910 1400 rem
930 1358 1028 1404 usum.
1076 1337 1194 1406 Deinde

114 1436 301 1526 Nicasipolis
318 1441 474 1526 Pheraeo,
495 1465 514 1508 a
532 1464 594 1530 quc
615 1437 864 1512 Thessalonicam
883 1454 1077 1528 susceperat,
1097 1441 1197 1516 nobili
1323 1509 1331 1524 ,

113 1542 238 1627 quidem
258 1544 325 1636 loco
344 1561 417 1611 nata
436 1561 521 1614 erate
554 1547 609 1614 sed
629 1545 793 1634 principem
814 1543 975 1630 conjugum
994 1546 1093 1612 locum
1113 1545 1196 1613 ohti-

115 1645 183 1714 nuit
204 1647 380 1738 Olympias,
408 1642 600 1740 Neoptolemi
619 1651 821 1718 Molossorum
842 1649 924 1736 tegis
944 1650 1027 1736 lilia,
1057 1653 1194 1722 Alexan.

115 1752 165 1818 dri
185 1755 287 1846 magni
307 1768 413 1848 mater,
435 1779 495 1824 non
515 1755 705 1828 mediocrem,
716 1753 842 1842 posthac
866 1747 995 1820 nominis
1014 1755 1061 1820 sui
1084 1756 1194 1829 lamam

114 1855 149 1922 in
169 1855 261 1922 rebus
281 1859 489 1942 Macedonicis
508 1860 618 1949 adepta
639 1858 810 1944 (Diodorus
829 1857 949 1925 Siculos
964 1861 1015 1942 19,
1029 1861 1113 1956 51.).1

194 1964 346 2050 Majorem
371 1964 438 2032 veri
464 1965 596 2053 speciem
623 1963 718 2032 tentia*
737 1967 869 2029 Tzetzae
897 1964 1029 2032 narratio
1060 1991 1131 2056 prae
1159 1992 1194 2039 se

113 2063 192 2148 lert,
218 2081 282 2134 tum
301 2091 409 2164 perusa
428 2085 583 2158 spectata,
609 2083 670 2136 tum
691 2083 812 2158 propter
831 2091 951 2152 eorum,
978 2069 1031 2156 qui
1052 2070 1104 2138 diu
1123 2090 1195 2140 ants

113 2169 280 2237 chiliadum
308 2172 548 2240 concinnatorem
575 2197 641 2240 eam
669 2172 736 2242 tuiti
757 2184 845 2250 sunt,
873 2174 1090 2246 auctoritatem.
1131 2183 1195 2256 lmq

112 2290 270 2364 penatores
297 2276 365 2342 dico
390 2282 615 2362 Romanorum,
644 2279 795 2346 lulianum
819 2289 851 2340 et
869 2278 1097 2350 Constantinum
1119 2285 1195 2350 Por·

112 2378 360 2470 phyrogenitum.
401 2380 649 2449 Thessalonicam
669 2383 773 2450 urbem
793 2403 812 2447 a
832 2381 961 2450 victoria
979 2385 1107 2468 quadarn
1123 2393 1195 2454 Ma.

113 2475 260 2551 cadonum
283 2485 460 2554 Thessalica
479 2488 605 2570 dictam,
627 2502 687 2552 tam
707 2486 871 2553 verisimile
890 2485 1028 2570 videtur,
1050 2504 1082 2567 ut
1097 2495 1196 2560 Grae·

114 2615 218 2658 corum
244 2591 382 2678 equidem
408 2591 562 2682 ingenium
588 2591 679 2658 valde
699 2591 842 2674 mirarer,
871 2591 955 2656 siaa
976 2614 1000 2658 s.
1023 2599 1196 2672 cassatione

113 2719 141 2762 s.
163 2695 336 2783 opinatione
359 2718 481 2782 prorsus
501 2694 728 2763 abstinuissent.
768 2697 973 2790 Nihilominus
992 2715 1091 2772 tamen
1111 2732 1197 2798 scru-

113 2801 257 2885 tandum,
284 2801 547 2867 varencnarratio
569 2802 703 2884 sitista,
731 2824 770 2869 an
795 2803 1004 2892 etymologia?
1031 2807 1196 2884 Audiamus
1314 2794 1326 2860 s

114 2905 243 2994 primum
271 2928 374 2972 eorum
399 2919 526 2998 testam,
556 2905 705 2974 lulianum
729 2906 961 2994 imperatorem,
989 2911 1042 2995 qui
1060 2915 1197 2984 orations
1306 2913 1308 2920 ‘

115 3012 227 3094 tertia,
261 3026 330 3098 post
357 3034 468 3078 anuum
495 3027 568 3100 puto
598 3012 713 3080 Christi
740 3011 802 3078 356
829 3010 961 3102 scripta,
978 3021 983 3026 “
999 3012 1076 3081 Ιιεεο
1102 3019 1196 3090 habat

116 3121 215 3206 (Opp.
236 3116 284 3183 sd.
305 3119 362 3186 En.
385 3117 549 3204 Spanhern.
570 3140 602 3205 p.
620 3120 691 3184 107.
710 3119 782 3198 G.)=
805 3109 878 3207 Ἆρ’
904 3107 963 3188 οὖν
986 3120 1033 3188 ἔτι
1055 3124 1118 3212 χρὴ
1140 3133 1195 3200 διὰ

114 3227 269 3315 μειζόνων
289 3225 467 3310 τεκμηρίων
488 3226 624 3316 δηλοῦν,
652 3219 694 3304 ὡς
717 3225 846 3308 ἔνδοξος
864 3233 926 3316 μὲν
946 3227 967 3312 ἡ
989 3233 1196 3312 Μακεδόνων

115 3338 170 3402 καὶ
192 3329 319 3422 μεγάλη
341 3333 378 3400 τὸ
398 3327 551 3420 πρόσθεν
572 3335 712 3416 γένοιτο,
733 3328 855 3418 ταύτης
875 3325 909 3403 dl
931 3335 1033 3424 αὐτῆς
1054 3337 1092 3408 τὸ
1113 3345 1196 3432 spois

116 3464 231 3509 τιστον
257 3436 278 3525 ἡ
304 3439 398 3519 πόλις
423 3443 542 3524 ἐκείνη,
564 3433 611 3527 ,ἣν
637 3437 840 3526 ἀνέστησαν,
872 3442 1042 3512 πεσόντων
1074 3440 1196 3538 οἶμαι

119 3551 312 3630 Θετταλῶν,
342 3551 400 3636 τῆς
424 3545 499 3617 κατ’
525 3551 654 3618 ἐκείνων
680 3547 849 3638 ἐπώνυμον
875 3554 966 3636 νίκης
974 3586 987 3633 ,·
1015 3557 1102 3636 Quae
1122 3561 1196 3644 quid

115 3655 176 3722 sibi
196 3654 313 3739 velint,
335 3655 599 3743 pronumvidetur
618 3671 649 3722 et
667 3673 814 3744 apertum.
856 3661 1021 3746 lmpacstor
1041 3665 1201 3742 Romanas·

114 3784 175 3830 aon
196 3763 308 3828 famam
327 3759 460 3846 aliquam
472 3759 638 3839 phscuram
662 3765 756 3846 relect
780 3765 819 3830 de
839 3767 1120 3840 Thessalonicensis
1138 3795 1196 3836 nn·

117 3864 208 3932 minis
230 3863 365 3950 origine,
386 3863 441 3931 sed
461 3886 565 3938 suam
585 3866 812 3953 opinionem
832 3874 1045 3958 expromit,
1072 3891 1104 3941 ut
1122 3897 1194 3942 ora·

115 3982 164 4034 tac
180 3966 442 4054 grammaticusve.
483 3971 549 4036 lam
567 3971 724 4040 audiamus
743 3975 898 4060 sequentis
916 3977 988 4044 sevi
1006 3978 1193 4066 scuptocern,

115 4073 303 4162 stephanum
321 4073 524 4162 Byzantium,
552 4074 606 4163 qui
628 4099 656 4144 s.
677 4097 708 4144 r.
732 4080 964 4166 θρσσᾳινωνίνν
983 4082 1061 4154 isaac
1078 4082 1225 4156 umnec
