2888 4776
206 415 286 541 ¹ill
662 442 881 494 uroscssrs.
1001 431 1077 528 Ι·
1212 419 1316 512 [cur.

239 595 416 668 Nestoreos,
445 589 480 655 S.
499 589 644 656 Demetrii
665 590 844 679 discipulum
865 606 956 680 atquc
975 590 1137 673 stlrletsnr,
1167 594 1241 662 dicit
1261 624 1327 665 rra·

240 695 394 781 lrxdptov·
435 700 510 780 Peg.
526 695 600 761 5⁰6.
635 695 727 761 habet
747 701 1045 786 Μεγαλοβλαχὶαν.
1085 699 1160 782 l'ag.
1182 701 1257 768 507.
1278 725 1328 768 re.

241 827 334 890 gnum
367 802 528 865 Turcicurn
566 798 640 864 dicit
670 801 838 891 ἀνατολὴν
870 804 906 876 ti.
928 825 957 870 e.
990 801 1135 871 novitium
1171 805 1326 882 mont).

243 907 409 988 Sar-azert,
439 905 491 992 qui
512 929 542 972 a.
563 907 638 974 904.
657 911 910 988 Thessalonicen
938 926 1100 996 ceperant,
1133 908 1179 974 illi
1202 912 1328 976 audiunt

245 1014 335 1081 ruodo
368 1014 538 1096 Agassai,
576 1013 665 1078 ruodo
694 1019 822 1082 Torone
850 1015 1021 1101 (p.613.).
1069 1013 1123 1078 Ad
1143 1014 1223 1080 hunc
1244 1017 1328 1080 vocis

247 1123 411 1185 Turcarurn
435 1141 519 1182 usum
544 1118 615 1182 side
643 1121 779 1184 Eundem
806 1143 838 1206 p.
854 1121 928 1184 506.
968 1121 1004 1184 lu
1025 1134 1125 1186 aetate
1147 1122 1329 1186 Damasceni

246 1246 333 1290 arne
354 1221 478 1288 delinita
501 1245 615 1286 rnecunr
647 1231 769 1310 (spero)
797 1222 985 1289 consentient
1004 1223 1127 1289 ultimae
1148 1225 1328 1290 Graecitatis

132 1391 137 1404 ,
240 1315 414 1415 peritiores.
457 1331 775 1394 Damascenurn.rero
795 1329 956 1414 qnondam,
977 1328 1156 1394 lilrandinnn
1177 1344 1329 1414 metropo-

248 1432 352 1514 litsrn,
389 1431 429 1498 ad
456 1453 567 1496 aunum
597 1433 679 1498 1564
698 1434 893 1520 deprehendo
923 1455 974 1519 ap.
996 1433 1135 1497 Gruaiorn
1160 1431 1192 1496 in
1212 1435 1330 1500 Torcu-

247 1539 377 1604 (lraacis
409 1562 441 1625 p.
460 1537 551 1619 174„
597 1537 649 1604 ubi
681 1537 859 1626 subscripsit
897 1559 953 1602 suo
987 1535 1109 1602 nomine
1148 1549 1179 1602 et
1216 1551 1328 1602 notro-

247 1642 361 1730 politae
387 1640 574 1707 Serviorurn.
621 1644 696 1708 Alis
721 1665 754 1710 v.
775 1643 856 1730 apud
886 1643 984 1708 Micls.
1016 1645 1113 1724 Loqu.
1147 1640 1176 1705 in
1202 1639 1330 1705 Oriente

247 1747 422 1821 Christiano
440 1750 516 1815 vot.
532 1753 573 1816 ll.
595 1772 627 1834 p.
636 1750 687 1815 97.
718 1752 895 1837 lindrrnqus
907 1773 984 1817 aero
1000 1749 1106 1814 iterum
1125 1752 1329 1812 Damascenus

249 1851 398 1931 occurrit,
428 1873 471 1918 sc.
499 1854 655 1919 Damonici
680 1872 711 1922 ot
734 1857 889 1920 Elassonis
911 1856 948 1920 in
968 1851 1130 1920 Thessalia
1158 1849 1328 1938 archiepis·

250 1978 344 2044 copus
365 1959 469 2038 (crus.
492 1960 679 2025 'lurco-Gr.
701 1959 757 2024 lib.
774 1960 806 2026 4.
829 1984 859 2045 p.
874 1961 976 2030 327.t.

328 2061 379 2126 ll.
415 2061 633 2130 Bar-dertonae
661 2063 727 2128 sive
757 2066 894 2130 Torone.
936 2068 984 2130 De
1012 2063 1061 2130 his
1088 2059 1328 2127 Thessalonicae

247 2177 368 2231 nostran
408 2165 594 2232 dioecesanis
632 2168 723 2234 liceat
755 2170 820 2251 jarn
854 2193 933 2234 nuno
971 2170 1062 2254 paulo
1095 2165 1171 2232 milri
1204 2167 1328 2250 longius

247 2267 425 2352 exspatiari.
474 2273 510 2340 ls
538 2272 694 2338 Laeuiano
722 2273 822 2337 indice
842 2274 1038 2348 difficillimus
1059 2287 1106 2336 cst
1126 2295 1234 2338 sensus
1256 2295 1328 2359 par·

245 2373 358 2440 ticnlae
385 2370 472 2459 ἤτοι.
506 2399 584 2460 quae
613 2376 785 2458 veteribus,
819 2379 917 2463 poetis
943 2377 1139 2463 praesertim,
1174 2376 1231 2442 tuit
1260 2381 1328 2458 set,·

246 2480 346 2545 rnedio
366 2501 444 2545 aero
465 2479 560 2543 inisse
580 2479 698 2545 videtur
717 2481 798 2545 idenr
819 2483 900 2568 quod
919 2483 993 2548 siue.
1038 2487 1153 2564 Verurn
1182 2491 1230 2562 (ut
1252 2505 1329 2567 pett-

246 2611 282 2651 cs
310 2585 450 2650 arnoltis
476 2583 654 2662 observent)
681 2585 748 2669 qnis
774 2587 877 2651 orbern
898 2587 1067 2653 Hierissunt
1088 2585 1214 2653 eandem
1235 2585 1330 2650 iuius

247 2689 364 2780 potabit
382 2699 570 2754 cunr‘rnontc
589 2703 692 2753 sancto
722 2689 854 2770 (Atho);
884 2690 1086 2758 Glabinitsanr
1106 2689 1233 2778 illyriae
1254 2713 1329 2754 ean·

246 2797 315 2859 dent
347 2817 413 2860 curn
439 2792 673 2858 Acrocerauniis
703 2796 852 2870 (Novella
878 2796 991 2860 Leonis
1017 2796 1039 2860 l.
1058 2819 1107 2863 οη
1151 2795 1169 2864 ὁ
1199 2799 1330 2880 licestr-
1440 2775 1441 2822 t

245 2905 356 2982 νίτζας
376 2899 448 2986 ἤτοι
463 2900 760 2986 Ἀκροκιραυνέαςις
796 2897 1012 2985 Traianopolin
1029 2901 1178 2967 Thraciae
1199 2903 1329 2968 candens

246 3031 311 3072 curn
330 3007 544 3096 Didymoticlto
566 3005 750 3086 (Andronici
771 3002 866 3068 index
887 3003 1128 3089 episcopatuum,
1150 3008 1181 3070 in
1194 3011 1328 3094 lnrperin

247 3110 396 3176 Orientali
430 3111 509 3176 libro
528 3112 560 3178 8.
590 3135 622 3197 p.
642 3109 713 3174 195.
742 3107 793 3172 ed.
822 3109 941 3186 Van-ll
987 3107 1138 3178 Particula
1167 3111 1239 3196 ἤτοι
1267 3116 1328 3180 isto

246 3237 324 3280 aero
342 3229 404 3279 turn
425 3215 506 3281 lraud
527 3237 596 3283 raro
615 3213 755 3278 adlribits
774 3210 869 3276 luisse
889 3211 1028 3294 videtur,
1060 3214 1113 3282 ubi
1133 3219 1223 3284 sedes
1244 3222 1328 3306 epis.

246 3319 362 3404 copulis
382 3320 422 3385 ab
441 3320 503 3386 alin
522 3320 597 3385 urbe
616 3318 648 3384 iu
669 3317 761 3380 sliam
780 3315 964 3401 transposita
982 3332 1063 3400 arat,
1084 3338 1207 3388 servato
1224 3341 1327 3392 tannen

241 3415 334 3495 ‘simul
350 3423 469 3489 nonnius
481 3422 566 3488 urbis
580 3419 775 3506 antiquioris,
794 3417 825 3484 in
841 3420 933 3503 trojus
948 3435 1019 3503 polo
1036 3421 1192 3494 ltonarnnu.
1222 3432 1328 3508 Quare

244 3535 321 3601 ltaec
341 3531 490 3619 particula
511 3551 580 3592 cunr
601 3547 721 3590 sensum
743 3525 855 3608 habet,
882 3539 914 3590 nt
932 3523 1010 3592 idern
1029 3528 1227 3614 episcopatus
1248 3538 1328 3613 (nun

244 3641 350 3704 eadent
371 3637 462 3713 urbs)
489 3633 604 3718 duplex
625 3651 733 3694 nornen
755 3627 898 3695 habuisse
918 3631 1074 3712 videatur,
1110 3652 1198 3702 vetus
1218 3653 1249 3702 et
1269 3662 1327 3702 no·

247 3744 368 3825 sitiunt,
390 3741 442 3806 ulri
463 3738 552 3808 sedes
566 3733 763 3821 episcopatus,
775 3735 921 3800 translata
941 3750 1006 3800 atat
1023 3759 1063 3802 ex
1079 3737 1175 3803 altera
1193 3738 1225 3803 in
1246 3742 1327 3806 alte·

243 3871 325 3926 ranr;
362 3847 442 3930 qtrod
462 3847 552 3934 plane
572 3858 696 3928 apparet
716 3865 757 3905 ex
780 3840 998 3908 Androniciani
1018 3843 1127 3908 indicis
1145 3843 1214 3907 loco
1235 3849 1327 3910 ruodo

242 3951 338 4015 allato
368 3952 406 4014 de
433 3947 642 4034 Traianopoli.
692 3945 746 4011 sic
774 3941 847 4031 ἤτοι
876 3945 954 4011 idem
985 3946 1041 4011 erit
1067 3947 1146 4031 quod
1176 3950 1327 4034 particule

222 4043 301 4122 'arni
326 4055 357 4118 iu
384 4055 490 4118 eundern
515 4054 617 4118 indica
635 4051 750 4117 honis
774 4058 849 4140 Sap.
870 4075 961 4137 supra
982 4053 1091 4136 allatu,
1122 4053 1174 4118 ulai
1196 4057 1336 4126 occurrit,
