2890 4774
131 434 203 529 ια]
330 456 585 514 nusmmus
610 459 1011 514 τιιεεεειοαιοεαειι.
1135 435 1210 514 405

58 637 61 644 ·
129 606 216 682 ὅπλα
240 611 435 698 μαίνονται,
468 605 738 697 ὁπλιζέσθωσαν·
771 605 1148 697 άντιπαλαμάσθωοαν,
1179 620 1206 680 ιλ

84 781 88 788 ,
129 716 321 808 βούλοιντο,
345 722 401 788 καί
420 716 646 809 πεπτώκεσαν,
672 715 715 798 ὡς
735 715 813 806 ἡμῖν
833 742 869 805 με
888 722 990 805 μέλον
1012 719 1075 788 τῶν
1095 719 1206 788 τοιού-

130 853 197 898 των
221 813 326 898 οάδέά.
359 815 416 896 Ἦ
438 826 503 915 πρὸ
529 832 642 898 ποδών
662 824 725 912 ἤδη
746 829 923 913 βασιλικῶν
943 823 986 896 τά
1007 822 1096 896 ὅπλα
1117 826 1209 919 ἕρῤι-

128 954 214 1026 ψαν,
232 939 288 1006 καί
306 932 367 1016 τάς
387 937 499 1030 ψυχάς
518 937 646 1025 ἐξέχεαν
666 940 699 1003 οί
720 937 778 1024 τῆς
791 931 904 1022 Ἅγαρ.
930 931 1030 1004 Ἀλλά
1051 941 1107 1006 καί
1127 933 1205 1006 τοώ-

127 1039 235 1133 τοιςὴ
257 1046 427 1134 θηριωϋία
447 1039 695 1126 έτιθασσειίθη·
726 1047 783 1112 καί
811 1038 886 1112 άντί
915 1040 1011 1125 τόξου
1036 1052 1099 1131 μὲν
1124 1041 1206 1134 άρο-

125 1177 208 1239 τρον
226 1149 340 1232 αὐτοῖς
360 1149 445 1240 μετά
463 1157 591 1241 χεῖρας,
612 1154 669 1220 καί
685 1146 706 1234 ἦ
723 1153 766 1240 γῆ
782 1153 863 1240 πρσς
881 1147 1027 1231 αίίλακας
1043 1156 1202 1240 σχίζεται·

63 1335 65 1342 ,
125 1260 201 1331 ἀντὶ
228 1265 264 1330 δέ
292 1257 406 1355 ξίφους
433 1264 616 1350 δρέπανον,
647 1264 702 1328 καὶ
734 1257 773 1328 τὸ
801 1257 894 1344 λήϊον
921 1265 1089 1347 τέμνεται·
1129 1257 1205 1328 ἄντί

125 1366 230 1439 ἰ’ππου
257 1370 507 1458 πολεμιστηρίου
534 1367 699 1452 ζεύξαντες
731 1369 831 1455 βοῦν,
874 1367 1047 1454 τρίβουσιν
1080 1366 1204 1455 άμαξι·

123 1477 197 1560 τὸν,
223 1483 279 1548 καί
303 1471 430 1556 άλωνος
456 1473 738 1560 καθιππάζονται.
783 1478 855 1544 Καὶ
882 1470 992 1568 άαῆκε
1018 1480 1080 1561 μέν
1105 1477 1204 1544 κατέ-

123 1610 195 1674 χιιν
221 1585 335 1666 αὐτοῖς
360 1581 498 1674 ὁ”Αρης
522 1585 562 1654 τὸ
586 1582 788 1674 μαινόμενον
815 1582 932 1664 κακὰν,
967 1583 1139 1651 τελοῦνται
1168 1586 1205 1668 ᾧ

127 1692 309 1786 σωφρόνως
330 1701 372 1789 τῇ
393 1691 553 1781 Δήμητρι.
594 1696 664 1762 Καί
686 1697 719 1761 ολ
739 1691 845 1763 πάλαι
866 1690 939 1763 τότε
959 1696 1054 1781 μέχρι
1076 1698 1132 1761 καὶ
1151 1694 1205 1761 ἐπί

126 1799 307 1872 θάλασσαν
342 1800 403 1890 τὴν
429 1799 585 1885 Ἀσιανὴν
616 1796 875 1887 πλατυνόμενοι,
910 1805 966 1868 καί
995 1797 1117 1889 κράτος
1144 1800 1206 1870 αὐ-

124 1912 260 1998 χοῦντες
282 1906 457 1998 ἀγχίαλον,
493 1913 553 1978 νῦν
579 1904 638 1996 οὐχ
662 1900 752 1986 ίίπως
779 1915 837 1990 τῆς
863 1909 1077 1994 αίγιαλίτιιλος
1100 1906 1205 1997 μόνον

87 2075 89 2080 .
122 2011 308 2104 ἀνήνεγκαν
332 2019 484 2100 έαυτούς,
518 2012 591 2086 ἀλλ’
615 2015 693 2086 οὐδὲ
717 2019 846 2088 οἴδασιν
868 2020 901 2084 οἱ
912 2020 1051 2104 πολλοί,
1082 2016 1134 2087 ὅτι
1155 2015 1203 2105 μὴ

122 2121 212 2212 λόγῳ
231 2121 341 2214 μάνιρ,
369 2124 431 2214 τὴν
452 2121 649 2208 θάλασσαν,
679 2126 737 2213 τῆς
758 2128 922 2216 παραλίου
946 2125 1116 2204 κατοικίας
1136 2128 1203 2210 βοι-

122 2229 269 2302 θεῑαν”
247 2259 381 2323 ηπειρον
405 2241 439 2302 ίκ
462 2235 569 2326 φυγῆς
595 2228 827 2320 άλλαξάμενοι,
859 2233 903 2302 τά
927 2259 1044 2322 πρωτα
1062 2233 1202 2361 Αλεξίρυ

121 2345 181 2410 τοῦ
194 2340 282 2411 πάνυ
296 2352 329 2412 ὲν
342 2344 534 2429 βασιλεῦσιν
549 2345 817 2430 έκκυμανθέντος
832 2337 953 2422 αὐτοῖς,
973 2346 1028 2410 και
1046 2338 1084 2408 τά
1100 2336 1204 2410 κακὸν

120 2446 391 2539 παρασύραντος·
420 2441 490 2521 εἶτα
516 2459 576 2522 τοῦ
599 2455 828 2539 πελαγίζοντος
852 2454 921 2530 τοῖς
948 2451 1119 2538 τροπαίοις
1132 2444 1205 2518 Ἰω-

121 2554 243 2640 άννου,
264 2555 302 2628 ὃν
322 2563 426 2647 θέμις
446 2564 483 2628 ἐν
500 2563 695 2643 βασιλεῦσιν
713 2556 843 2630 άκσύειν
863 2553 1039 2637 κάλλιστα,
1059 2552 1202 2644 βαρὺτε·

122 2690 183 2752 ρον
203 2665 328 2735 ἑαυτὸν·
340 2666 616 2753 έπεξαγαγάντος,
645 2674 702 2737 καί
722 2668 760 2738 τὸ
781 2660 858 2734 κατ’
879 2673 979 2735 έκεῖνο
995 2655 1052 2736 Ιἐπί
1073 2668 1202 2753 μάλλον

123 2768 427 2862 άνασκευάσαντος·
448 2781 558 2866 τρίτου
578 2780 614 2845 δὲ
635 2776 687 2845 ἐπ’
704 2778 835 2852 ἐκείνοις
855 2781 916 2842 τσῦ
936 2775 1116 2861 κρατίστου
1135 2777 1201 2860 βα-

119 2882 190 2946 σιλέ
176 2885 251 2962 έως,
273 2879 310 2961 ὃς
330 2885 371 2977 τῇ
391 2880 563 2977 οἰκουμένη
584 2881 730 2953 ώκιανὰν
752 2879 1028 2971 κατορθωμάτων
1049 2880 1201 2970 έγώρωσε,

116 2985 356 3116 κραταιότερον
381 2989 612 3075 ιντινάξανισς
645 2993 763 3062 ἑαυτὸν
790 2996 846 3060 καὶ
873 2986 1126 3077 ἀπαγαγόντος,
1156 2985 1200 3098 ὡς

115 3100 235 3176 μηκέτι
261 3095 375 3180 αὐτοῖς
397 3100 538 3194 ἐπόψιον
561 3097 620 3184 τὴν
639 3101 825 3169 θάλασσαν
845 3102 1013 3186 γίνεσθαι.
1054 3101 1124 3166 Καὶ
1143 3087 1200 3167 κυ-

118 3201 237 3286 μάτων
262 3201 333 3277 οἷον
357 3206 483 3278 τούτων
503 3211 604 3297 τριῶν
624 3206 662 3276 τὸ
683 3216 745 3297 μὲν
768 3212 920 3292 διίστησι
940 3209 997 3291 τῆς
1018 3203 1200 3306 θαλάσσης

24 3353 25 3356 =
118 3308 179 3376 τὸν
200 3317 236 3382 ἐκ
257 3322 316 3402 τῆς
328 3313 474 3409 ἨΑγαρ
453 3315 698 3408 ακριτόφνρτον
719 3315 902 3410 συρφετόν·
924 3315 1018 3387 τὸδὲ
1003 3288 1083 3394 ὲίίς
1099 3318 1200 3382 πλέον

116 3411 287 3511 άφώρισε·
326 3449 366 3494 το
393 3431 427 3494 δὲ
452 3423 551 3496 καλ’
533 3422 726 3519 ηφάντωσε,
756 3430 811 3494 καὶ
837 3421 912 3493 άντί
923 3415 1126 3527 θαλαττίου
1153 3417 1198 3500 είς

116 3517 302 3619 ἠπειρώτας
321 3539 534 3619 κατέστησεν,
556 3532 600 3614 ώς
615 3534 714 3622 ἔργον
732 3533 814 3602 εἶναι
832 3537 901 3611 τοῖς
917 3526 1040 3600 καθ’
1020 3520 1109 3618 ημᾶς
1127 3533 1198 3596 θα-

115 3633 329 3709 λαττεύουσιν
355 3637 416 3709 εἶδέ
401 3648 473 3710 έναι
499 3640 581 3735 ίίψιν
604 3642 846 3729 Ἰσμαηλίτιὸα,
876 3640 1012 3718 ἐκείνοις
1036 3641 1071 3706 δὲ
1093 3627 1199 3715 αὖθις

115 3740 405 3818 σπανιώτατον
373 3773 458 3818 ειναι
482 3749 669 3834 θεαμάτων
695 3748 757 3835 τὴν
778 3745 976 3831 θάλασσαν,
1011 3740 1146 3834 navist
1125 3769 1199 3816 οσοι

113 3852 192 3917 κατ’
219 3855 380 3946 ἐμπορίαν
407 3883 473 3927 πον
500 3861 706 3941 στέλλονται,
741 3865 796 3926 καί
819 3855 894 3924 ὅσοι
917 3857 977 3934 τάς
998 3861 1032 3924 έκ
1055 3861 1118 3924 τῶν
1143 3879 1201 3924 ιιι·

30 3985 33 4000 ν
113 3955 237 4029 ὃίαδων
258 3960 419 4033 ὠνοῦνται
435 3959 557 4051 νομάς,
579 3973 648 4046 τοῖς
664 3967 757 4048 ζώοις
771 3963 985 4035 ὑπόσπονδοι.
1026 3964 1097 4030 Καί
1114 3965 1197 4030 πολ-

111 4059 188 4144 λοὺς
214 4068 257 4141 άν
281 4069 360 4190 άρτι
389 4071 507 4162 λόγους
533 4072 688 4168 άναλώση
716 4073 801 4164 πρὸς
825 4072 954 4168 τρυφάν
975 4068 1079 4161 άκσῆς
1108 4068 1193 4161 ἀνὴρ
