2890 4774
159 395 249 496 u.]÷
355 402 609 498 τέοισίτιιεσι
636 423 1037 478 mammonam.
1128 401 1288 496 w-

160 571 228 660 γε,
254 573 311 638 αι
336 568 377 640 ιε
397 571 576 640 μοιμοι
591 575 709 660 εμπ,
736 579 790 642 ιω
809 573 849 642 ω
865 573 977 644 σοαπ
1001 570 1236 670 amem.
1282 557 1284 564 “

158 685 233 750 Καί
247 684 282 749 εἴ
294 689 374 789 Ιτιοτί
393 705 444 762 τις
463 677 556 776 αύτῷ
570 689 640 760 τοίς
654 679 816 762 τοιούτοις
829 687 955 773 χαίρων
968 683 1169 777 ἐπεφώρατο,
1192 682 1238 770 είς

157 789 287 878 ἐχθρόν
305 789 432 875 ἐγίνετό
452 794 500 872 οἱ,
522 794 575 859 καί
591 795 689 878 μίσος
704 791 822 883 τοῦτον
837 794 938 878 ἐμίσει
954 796 1085 862 τίλειον.
1124 795 1238 879 Αύτός

157 907 219 986 μίν
231 895 349 986 γόιριίν
367 897 489 989 ἀκακία
510 901 648 986 καρδίας
666 902 807 984 ἐνμέσῳ
826 900 884 980 τῆς
901 895 1005 978 οἰκίας
1022 901 1236 990 διεπορεύετο,

158 1003 227 1094 όσῳ
246 1003 399 1094 προόδοις
416 1032 450 1074 τι
468 1013 524 1074 καὶ
543 1005 706 1092 περιόδοις
718 1003 778 1074 οὐκ
800 1006 1001 1094 ίνησμίνιζεν
1020 1012 1055 1078 ἐκ
1073 1010 1235 1096 νεότητος,

109 1107 114 1121 '
157 1115 236 1188 ούδί
251 1115 362 1204 θύρας
376 1121 540 1186 πλουσίων
554 1117 680 1202 μάλλον
695 1111 715 1196 ἣ
733 1119 795 1182 τῶν
814 1117 931 1200 λογίων
945 1119 1093 1205 ίξέτριβε.
1129 1125 1238 1208 Ιίρεσ.

155 1223 260 1314 βεύαίν
279 1228 314 1292 δὲ
333 1221 419 1292 ἀλλά
442 1231 496 1292 καί
514 1224 575 1312 τήν
591 1219 769 1306 ἀλήθειαν,
790 1228 846 1292 καί
862 1219 954 1310 ἄγων
971 1215 1030 1291 ἶσα
1047 1230 1132 1310 θεῷ,
1159 1228 1237 1310 τούς

156 1334 335 1412 ποιοῦντας
346 1332 562 1419 ,παραβάσεις
575 1334 693 1420 ’ίμίσει,
714 1335 770 1400 καί
792 1330 871 1410 τούς
891 1326 1009 1422 λάθρα
1022 1339 1083 1403 τοῦ
1099 1336 1237 1418 πλησίον

156 1444 428 1521 καταλαλοῦντας
443 1447 498 1509 καί
514 1442 754 1528 ψιθυρίζοντας
768 1439 939 1521 ἐξεδίωκεν.
1017 1469 1020 1480 ·

240 1539 332 1620 ³352
353 1553 384 1618 τί
404 1569 466 1620 σοο
485 1552 615 1638 πρῶτον
635 1543 897 1627 ἀποκλαύσοααι,
919 1542 1077 1618 θειότατε
1096 1538 1259 1643 ἀδελφίς“

66 1707 81 1724 .
168 1659 209 1726 Τί
233 1663 267 1728 δί
293 1681 356 1728 σου
379 1656 532 1747 δακρύσω
559 1654 727 1745 δεύτερονς
764 1655 809 1723 Τό
835 1657 996 1744 ἐμβριθές
1020 1661 1075 1724 καί
1096 1655 1239 1749 φιλόσο-

165 1792 247 1860 φον,
272 1762 295 1850 δή
312 1765 363 1834 τό
390 1763 578 1836 κοινωνικόν
605 1767 660 1834 καλ
688 1758 908 1854 φιλύλληλονς
946 1761 992 1833 Τό
1020 1768 1156 1859 σῶφρον
1180 1751 1269 1853 τής”

163 1871 323 1964 γλώττης,
345 1871 365 1958 δή
386 1871 426 1942 τό
444 1871 544 1957 γλυκύ
564 1875 674 1942 τεκαὶ
692 1867 826 1960 χύριενς
853 1870 921 1956 Τήν
939 1870 1169 1963 ἀρχιερατικὴν
1186 1873 1240 1960 εύ-

159 1991 318 2070 κοομίον,
345 1979 367 2072 ἢ
394 1981 454 2066 τήν
480 1983 648 2078 πολιτικήν
671 1975 882 2071 ίπιφάνειανς
925 1976 1046 2049 Ποίντα
1065 1980 1131 2070 γὰρ
1152 1980 1239 2072 ὁμοῦ

152 2088 353 2180 συλλαβῶν,
370 2089 447 2173 ,ὅσα
473 2115 508 2160 τε
533 2087 635 2170 ὄντας
660 2089 838 2176 κοσμοῦσιν
859 2083 1055 2176 ἄνθρωπον,
1083 2089 1238 2180 ἀλλήλοις
1280 2095 1281 2100 ’

158 2203 265 2270 ταῦτα
287 2202 394 2280 καλῶς
414 2194 628 2287 σονήρμοσάς
648 2224 682 2266 τε
700 2201 755 2268 καί
776 2203 1013 2284 σννεκίραοας,
1038 2202 1093 2268 καί
1119 2197 1163 2280 είς
1187 2187 1237 2272 οί-

161 2310 322 2392 κονομίαν
341 2310 571 2392 ίξετελίσθης,
598 2303 639 2392 ἣν
669 2306 817 2395 τεχνικῶς
845 2303 1082 2398 ίμορᾳιύσοιντο
1112 2329 1238 2380 παντο-

160 2417 252 2489 δαποί
274 2424 329 2487 καί
349 2416 444 2502 ἀνθη
464 2425 518 2487 καὶ
536 2415 704 2506 χρήματα.
738 2407 781 2482 Ὠ
801 2411 1001 2498 τηλικούτων
1018 2419 1177 2505 χαρίτων·
1210 2409 1238 2488 τό

157 2524 318 2598 τοσούτου
341 2531 467 2613 κόσμον
486 2531 540 2596 καί
562 2524 701 2613 ἀρετῶν·
722 2512 748 2591 ῶ
767 2520 950 2612 ἅνθρωπος
970 2525 1024 2592 καί
1042 2526 1108 2612 πρό
1128 2528 1235 2608 τελενς

156 2637 216 2715 τῆς
239 2629 340 2711 όντως
364 2631 642 2721 μακαριζόμενος,
669 2637 724 2703 καλ
745 2629 829 2719 μετοί
855 2627 1005 2717 τελευτήν
1026 2628 1079 2698 διδ
1097 2639 1158 2716 μὲν
1176 2631 1235 2715 τήν

158 2741 276 2825 ζημίαν
297 2740 541 2828 θρηνούμενος,
570 2740 625 2812 διαί
646 2746 680 2812 δὲ
698 2743 758 2820 τός
776 2736 897 2827 ἀρτιός
917 2736 1156 2823 ἐξαμνούμενος.
1187 2727 1234 2808 Ὦ

158 2851 274 2928 νεότης
296 2851 476 2934 ειερίδοξος·
499 2839 640 2937 ῶγῶρας
663 2849 827 2936 ἀοίδιμον.
866 2844 1072 2932 ’ἀκμάζοντα
1089 2852 1151 2932 μὲν
1167 2846 1233 2940 γάρ

157 2954 278 3042 εἴχετε
295 2953 316 3037 ἡ
334 2947 399 3024 τῶν
422 2954 526 3043 λόγων
545 2955 656 3048 πόλις,
684 2952 713 3038 ή·
726 2959 997 3036 Κωνσταντίνσο,
1021 2957 1077 3022 καί
1098 2953 1116 3040 ή
1138 2958 1233 3045 φιλο-

158 3061 258 3148 λόγος
278 3067 410 3132 νεολαία
431 3067 525 3132 πάοα
544 3072 616 3152 περὶ
636 3064 751 3143 αὐτόν,
777 3067 831 3132 καί
849 3053 890 3148 ήν
908 3068 1060 3149 μοησεῑον
1080 3057 1233 3152 ἀντικρος

157 3175 196 3240 τό
211 3173 384 3257 δωμάτιον,
404 3169 488 3255 ἀλλη
510 3199 557 3251 τις
572 3169 752 3258 Ἀκαδημία
774 3175 829 3241 καὶ
846 3171 946 3240 Στοά
964 3176 1017 3240 καλ
1032 3163 1234 3261 Περίπατος.

158 3282 228 3345 Καὶ
249 3273 298 3358 οἷς
317 3287 379 3366 μίν
400 3279 543 3369 ἐχορήγει
564 3279 793 3368 γραμματικήν
814 3284 868 3348 καί
887 3287 992 3366 μίτρα
1011 3284 1067 3348 καί
1087 3283 1233 3365 ποίησιν,

157 3383 323 3469 τοσαύτην
345 3387 429 3477 ἔχωνΙ
452 3387 577 3458 τούτων
596 3388 657 3475 τήν
677 3385 872 3473 ἐπιστήμην,
901 3388 944 3466 οίς
963 3393 1065 3475 μηδὲν
1085 3395 1151 3456 τῶν
1171 3388 1233 3476 ἀρ·-

158 3493 307 3578 ξαμένων
327 3496 421 3586 σφῶν
435 3491 594 3583 ἀἱρέσεως
614 3493 870 3566 ἀπολείπεσθαι·
892 3489 942 3573 οἷς
957 3501 992 3563 δὲ
1009 3502 1068 3584 τήν
1080 3498 1233 3583 γλῶτταν

156 3599 282 3688 ήκόνει,
304 3601 480 3689 ῥητορικῶς
501 3605 733 3690 ἐξηγούμενος,
763 3608 819 3672 καί
839 3599 956 3679 ἀλλους
972 3599 1088 3682 ἀλλοις
1105 3601 1231 3690 δνήσκει

158 3713 214 3776 καί
239 3697 459 3795 παιδεύμασιν
485 3714 539 3778 καί
564 3711 780 3801 μαθήμασιν.
823 3709 930 3778 Ὅθεν
952 3714 1008 3777 καί
1030 3714 1121 3790 κλέος
1140 3711 1233 3802 ἔσχεν

157 3812 243 3903 εύρύ,
269 3829 335 3898 τοῖς
356 3813 514 3885 ἀπόντων
533 3823 676 3905 κείμενος
691 3815 845 3905 στόμασι.
874 3819 1104 3910 Παραμείψας
1121 3821 1155 3886 δὲ
1173 3819 1232 3888 τόν

156 3930 246 4004 νόον,
277 3929 332 3992 καί
360 3921 405 4002 εἰς
435 3923 473 3991 τό
498 3926 557 4012 τής
580 3924 822 4014 ἀρχιερωσύνης
848 3923 935 4017 ύιμος
955 3923 1172 4013 ἀναδραμὼν,
1200 3931 1233 3995 τί

158 4035 209 4099 δεῖ
230 4032 335 4101 πολλοί
363 4037 488 4118 λίγιινς
534 4025 595 4112 Εἷς
627 4039 661 4100 ίν
688 4027 905 4121 ἀρχιερεῦσιν,
937 4027 982 4112 εἷς
1008 4035 1044 4100 ἐν
1068 4031 1227 4124 σοφοῖςό
