2864 4778
229 449 279 524 lt
568 457 818 540 seruaturus
843 457 963 514 aenis
1169 519 1172 526 ¹
1199 431 1310 522 [cir.

227 621 327 700 tione3
362 617 402 684 de
427 603 510 680 Leti
535 613 642 697 (lite)
670 612 818 679 &aaut
839 611 874 679 is
898 606 1035 678 dlomi
1059 605 1312 678 ultumam.

229 725 398 802 Phe‘le'roe,
425 719 454 785 si
473 718 564 786 lectio
583 739 679 798 sees,
704 714 876 782 adhucdum
896 717 989 782 latete
1018 711 1177 779 Pliniaeus
1195 710 1312 777 verhe-

228 852 296 897 rum
316 826 391 892 ordo
411 823 537 907 suadet,
559 823 648 888 sitnm
669 821 814 888 hahuisse
831 821 865 888 in
884 819 980 894 latere
996 816 1151 886 Bohedori
1164 813 1313 900 tGellici)

229 933 356 1012 dextro,
377 942 410 993 at
429 931 507 994 Lete
525 927 559 994 in
577 925 711 994 sinistro.
750 929 853 996 l’attca
870 927 954 994 eddo
971 926 1012 991 de
1034 924 1178 992 Phene.
1303 918 1308 932 ⁸

309 1032 426 1114 Quodd
443 1030 532 1097 l’linii
548 1030 684 1097 ordinem
700 1031 883 1120 respexeris,
894 1019 1311 1114 monomachiam),

211 1215 215 1228 ¹
232 1143 290 1210 erit
309 1164 328 1206 e
347 1138 473 1206 meridie
492 1136 730 1202 Thessalonicae
749 1135 938 1222 quaerenda,
958 1137 996 1201 e'o
1015 1135 1095 1216 loeo,
1115 1135 1170 1202 uhi
1188 1135 1314 1202 tabulae

230 1241 432 1314 Macedoniae
450 1241 615 1306 hodiernae
625 1239 945 1330 <Lepie5coasinsfryl
963 1237 1076 1305 hahent
1092 1239 1200 1308 helnea
1214 1263 1313 1327 quse-

232 1355 301 1419 dom
325 1347 427 1428 (haine
451 1344 646 1428 miseratur),
675 1347 715 1411 ad
740 1343 839 1412 rivum
865 1365 893 1412 s.
911 1343 1056 1426 deviem,
1084 1345 1137 1431 qui
1156 1345 1313 1411 (lhalsrins

231 1478 299 1524 esse
314 1453 453 1532 videtur,
475 1473 569 1538 prope
584 1454 721 1515 Aeneam
741 1465 831 1535 atque
850 1449 1102 1533 Anthemuntem,
1122 1471 1249 1536 querum
1267 1449 1313 1515 si·

230 1580 291 1629 tum
317 1555 389 1623 aliis
416 1555 507 1640 hujus
533 1554 752 1619 dissertationis
778 1553 855 1620 locis
881 1551 1034 1620 deliniam.
1082 1555 1189 1622 Anxie
1209 1571 1312 1621 tamen

229 1663 387 1732 Plinieous
413 1660 494 1726 eirca
526 1659 602 1725 haec
632 1659 707 1725 ordo
740 1659 912 1743 sequendus
944 1681 1002 1724 nou
1029 1659 1160 1726 ridetur.
1208 1655 1313 1743 Pergil

230 1767 328 1836 enim:
350 1766 395 1829 1e
413 1765 600 1829 Thermaico
614 1767 685 1830 sies
703 1763 844 1840 (mirifice
865 1777 936 1828 enm
953 1763 1110 1848 distinguit
1129 1785 1148 1830 tt
1163 1763 1313 1829 Macedo·

231 1875 313 1953 nico)
334 1869 452 1957 oppida
471 1870 613 1948 Dicaea,
635 1871 763 1956 Pydna,
784 1869 925 1950 Derrlta,
948 1869 1074 1933 Scione.
1107 1873 1144 1932 la
1158 1867 1207 1934 his
1223 1891 1311 1934 mon·

231 1995 346 2043 strosus
373 1987 419 2038 est
438 1973 564 2038 Suiones
591 1973 679 2038 sitas}
729 1977 776 2039 lla
802 1973 899 2054 enim,
928 1975 960 2041 iu
988 1975 1112 2041 Pallene
1137 1975 1219 2057 sita,
1250 1997 1310 2040 noa

231 2083 404 2149 Thermaeo
432 2077 512 2144 sinui
541 2075 740 2144 adscribenda
767 2091 833 2161 cst,
864 2080 920 2144 sed
945 2083 1122 2159 'l'oronueo3
1163 2093 1216 2145 aut
1242 2101 1313 2145 cor·

231 2186 350 2274 ruptela
376 2181 467 2249 Plinii
495 2180 592 2248 locum
620 2197 766 2270 occupet,
802 2183 1052 2270 scribendumque
1077 2185 1228 2250 Methone
1254 2207 1313 2270 pro

86 2289 88 2294 ’
229 2293 354 2358 Scione.
395 2287 486 2369 Quod
515 2301 616 2353 temen
641 2303 774 2353 statuero
801 2287 905 2356 nolim.
953 2290 1112 2355 Antecedit
1138 2287 1218 2353 enim
1245 2311 1313 2354 vox

230 2395 380 2476 amaa,
409 2415 489 2479 qnae
506 2395 600 2478 plane
619 2393 725 2458 eade·
746 2405 793 2456 est
818 2413 885 2458 cam
905 2417 938 2461 r.
957 2390 1076 2460 Datis
1099 2391 1132 2459 in
1153 2389 1313 2480 Pomponii

227 2499 332 2566 Melae
361 2498 429 2562 locu
459 2494 550 2583 parili
575 2499 617 2584 ἓ,
637 2499 693 2565 th:
730 2497 823 2562 Ante
849 2500 978 2565 Misus
1006 2499 1228 2564 thesalonica
1253 2511 1313 2565 eet.

229 2603 323 2666 Inter
349 2614 513 2685 summoue
545 2603 697 2682 (Peneum
721 2599 912 2687 exiensque)
950 2601 1161 2684 Cassandria,
1201 2602 1315 2688 Cydno

229 2706 386 2796 (Pydna),
405 2707 545 2789 Azoras,
567 2705 696 2774 Dmuie.
739 2712 866 2796 ianque
880 2707 999 2773 Derrim
1014 2729 1102 2772 nemo
1119 2706 1199 2771 sinui
1212 2707 1312 2771 Ther·

229 2830 316 2910 roseo
350 2807 518 2895 assignabit
524 2835 546 2890 ,ν
580 2825 628 2876 est
658 2811 738 2876 enim
765 2835 857 2902 prope
889 2813 975 2878 sinus
1003 2811 1184 2896 Singitimsm
1210 2813 1314 2876 'lore-

230 2935 418 2999 uaeuurque,
441 2913 512 2980 coll.
528 2914 656 2982 Ptolem.
678 2940 784 3003 geogr.
798 2920 829 3001 3,
849 2919 917 2999 13.,
944 2913 997 2981 uhi
1017 2919 1134 3007 Δὲῥρις
1154 2911 1242 3003 ἄκρα
1261 2913 1314 2980 in·

228 3032 276 3083 ter
294 3019 451 3105 Ampelon
475 3019 709 3106 promontorium
729 3035 760 3088 et
779 3025 921 3088 Toronen
941 3024 1095 3110 ponitur,'·
1121 3037 1213 3109 atque
1240 3043 1313 3088 esse

229 3119 341 3185 dicitur
362 3119 495 3206 regionis
519 3127 715 3211 Παραξίας,
743 3147 799 3215 pro
825 3151 885 3214 qao
913 3128 1017 3214 legere
1044 3125 1148 3195 malim
1168 3131 1313 3213 Παρακ-

229 3227 315 3305 τίας.
343 3226 450 3290 Derris
465 3250 538 3294 vero
552 3231 726 3298 Meletio
740 3237 871 3320 (Geogr.
887 3234 1027 3300 ediles.
1042 3233 1120 3300 Vel.
1132 3235 1167 3301 2.
1180 3233 1311 3323 ulca)

229 3345 277 3406 est
297 3329 445 3397 hodierne
466 3332 540 3401 urhe
559 3339 694 3429 Δετέρῥε
711 3337 886 3422 (Deterra).
926 3341 977 3403 Ex
994 3337 1240 3404 antecedentibus
1255 3361 1314 3426 ap·

227 3449 331 3527 peret,
360 3434 495 3501 ordinem
513 3440 606 3508 Plinii
630 3443 724 3510 anxie
746 3441 843 3509 teneri
865 3467 926 3508 neu
944 3442 1057 3508 dehere
1074 3442 1106 3507 in
1122 3443 1196 3507 sede
1211 3444 1316 3509 'lher-

229 3561 298 3608 tnae
317 3561 392 3606 saue
410 3542 631 3616 constituenda.
671 3552 809 3633 Namque
828 3547 962 3613 thermas
981 3545 1061 3612 eliae
1080 3545 1155 3612 satis
1174 3545 1314 3614 celebres

228 3644 322 3712 hahet
341 3641 415 3709 urbs
434 3645 563 3714 'l'arcicu
580 3652 767 3736 Laugaricio
786 3676 813 3717 s.
834 3650 1012 3736 Laeksedi,
1033 3652 1149 3738 aliquot
1168 3653 1312 3719 horarum

228 3747 328 3838 spatio
352 3751 461 3814 reseas
484 3751 630 3821 orientem
654 3757 763 3822 dissita
781 3778 802 3821 a
821 3752 945 3821 civitate
960 3754 1196 3838 Thessalonica,
1216 3780 1314 3845 prope

229 3855 329 3919 laeam
349 3855 531 3937 Longane,
562 3877 651 3941 quern
672 3859 800 3925 eundem
820 3881 887 3923 cam
908 3859 1220 3948 Prusiadelleradoti
1242 3883 1313 3926 esse

230 3959 452 4028 demonstrabo.
492 3965 540 4033 lle
556 3964 681 4032 thermis
700 3986 775 4030 vero
789 3961 960 4028 Lankerdd
977 3963 1054 4029 haee
1067 3964 1159 4030 hehet
1172 3965 1313 4030 liudechi

231 4063 343 4130 (lhalla
361 4066 385 4133 l.
402 4086 431 4132 c.
449 4085 485 4154 p.
500 4067 571 4136 aa:
603 4069 677 4137 Des
691 4091 808 4152 suarm
819 4069 899 4134 Bad
911 4091 971 4135 uon
986 4068 1157 4138 Lankeedd
1169 4069 1313 4158 dfindet

511 4197 522 4241 t
