2890 4774
148 441 215 538 επ]
325 461 998 522 ευετιτιιιοεαειτειιιοιιιοειιειω
1152 443 1228 523 m
1241 445 1243 450 ’

144 612 240 708 ὅσον,
260 621 316 686 καί
338 614 425 685 κατά
447 617 524 699 τούς
544 619 580 684 ίν
598 617 640 712 τῇ
657 613 786 712 ἀνύδρῳ
808 619 937 688 ίσείτοιι·
951 618 1061 708 λυπροί
1082 627 1136 689 καί
1156 609 1220 690 66·

78 778 82 787 .
140 727 181 812 τὴ
199 731 256 795 καὶ
277 727 425 818 διφῶσα,
450 725 508 793 καί
529 749 609 806 που,
636 723 668 795 εἰ
686 726 724 795 τί
747 723 850 795 κακὸν
872 729 925 795 ἐπὶ
944 730 1055 813 μεῖζον
1075 727 1215 815 ἀρθείη,
1290 724 1294 740 ’

141 840 197 906 καί
221 834 364 960 ίρημος··
385 835 446 900 καί
464 830 540 913 τοὺς
564 841 598 902 λν
622 833 708 928 αὐτῇ
732 832 790 908 οὐκ
812 830 855 900 ἀν
876 829 1007 917 ὀκνήσει
1025 835 1140 925 τιςμίχ
1162 841 1218 906 καί

145 939 265 1021 αὐτοὺς
292 939 353 1010 διά
375 937 413 1009 τί
439 941 593 1010 ἐκλείπειν
618 945 721 1028 λέγειν
747 937 997 1026 ἀλίβαντας
1035 939 1127 1027 Ἤδη
1148 945 1215 1033 πρὸ

141 1051 354 1179 ὀφθαλμῶν
351 1056 455 1118 κεῖται
474 1046 517 1116 τά
537 1047 642 1132 δεινοί,
664 1051 767 1118 καλ“
740 1073 815 1118 οιαν
833 1075 852 1134 η
843 1045 967 1127 ’πόλις
984 1049 1211 1137 καταράσεται

142 1161 284 1234 κάκωσιν
310 1157 374 1228 τῶν
398 1157 553 1238 πολιτῶν,
581 1152 655 1228 ὅσοι
679 1165 749 1246 μὲν
768 1145 802 1228 εί
829 1157 938 1246 ἔχουσι
965 1155 1003 1226 τὸ
1031 1155 1076 1238 είς
1102 1167 1215 1246 σῶμα,

44 1255 49 1270 ’
141 1270 201 1340 οὐκ
226 1263 336 1340 λσθ”
325 1260 414 1345 ἀπως
433 1261 591 1350 ὑγιαίνειν
616 1272 887 1354 συγχωρουμένων
909 1265 948 1360 τῆ
969 1261 1214 1354 αὐχμηρὸτηιι·
1304 1276 1306 1285 ’

140 1381 207 1450 τῶν
231 1382 266 1446 δὲ
289 1373 375 1444 κατὰ
400 1370 502 1448 νόσον
527 1372 633 1452 ἄλλως
655 1377 880 1460 διακειμένων,
910 1372 971 1460 την
993 1378 1215 1470 ψυχαγωγίαν
1315 1419 1319 1428 ,

141 1480 411 1563 ἀπολωλεκότων,
446 1483 503 1552 καί
528 1481 630 1562 οὕτως
655 1477 797 1578 ἐχόντων
825 1479 885 1571 την
911 1477 1038 1570 ὑγίειαν
1066 1481 1213 1553 δυσανά·

141 1598 273 1677 κλητον.
343 1627 347 1636 ’

219 1761 251 1831 3.
285 1753 349 1828 Διά
381 1756 488 1826 ταῦτα
520 1759 670 1846 λκχίομεν
696 1749 717 1846 6
748 1756 842 1826 πᾶσα
869 1751 964 1836 πόλις
989 1752 1051 1836 τάς
1075 1756 1215 1848 καρδίας

114 1863 119 1876 “
138 1891 233 1959 ημῶν
257 1865 418 1936 ίνώπιον
418 1867 476 1946 τῆς
497 1861 759 1952 βασιλικωτάτης
783 1865 1041 1956 φιλανθρωπίας
1062 1889 1137 1945 σου,
1156 1870 1214 1935 καλ

138 1979 202 2060 τὴν
218 1982 277 2044 τοῦ
297 1981 358 2042 σοῦ
376 1968 431 2063 ἐφ’
449 1967 537 2061 ἡμᾶς
560 1975 647 2044 ι’λίον
664 1967 759 2059 χύσιν
779 1967 979 2058 αἰτούμεθα,
1000 1962 1215 2060 ποτνιώμενοι

139 2090 196 2155 καί
216 2076 333 2171 διρμά
352 2086 547 2170 προχέοντες
567 2079 706 2169 δάκρυα.
742 2076 904 2149 ’Ἔκτεινον
922 2081 983 2210 τὴν
1001 2083 1102 2149 θείαν
1120 2077 1215 2170 χείρά
1279 2089 1283 2100 '

140 2217 216 2274 σου,
245 2196 301 2259 καί
326 2182 411 2258 οίίτω
432 2189 580 2272 κολούσας
602 2189 882 2273 ἀποκατάστησον
907 2214 946 2258 το
938 2181 1055 2278 ίίδωρ
1075 2194 1126 2256 λπλ
1146 2183 1217 2276 χώ-

138 2323 216 2390 ραν,
238 2293 276 2366 οί
299 2296 399 2385 πρὸς
418 2292 594 2385 ἡμίραν,
620 2294 662 2378 ώς
682 2298 724 2366 τά
743 2300 802 2387 τῆς
824 2297 972 2388 γραφῆς,
993 2291 1138 2375 ἀλλἐίς
1159 2292 1212 2364 αι’-

136 2411 204 2488 ῶνα
230 2405 320 2487 ὅλον,
355 2397 381 2492 ᾧ
405 2409 660 2492 συνεπεκταδιίη
683 2413 736 2476 καί
760 2403 797 2478 τὸ
821 2402 943 2495 κροίτος
958 2407 1023 2492 τῆς
1042 2406 1211 2490 βασιλείας

102 2541 107 2552 ’
138 2541 209 2585 σου.
259 2515 344 2592 θώκ,
366 2513 486 2582 ἔστιν
514 2513 618 2603 ὕδωρ
647 2517 700 2600 τῷ
728 2517 814 2602 λαρί
842 2519 972 2584 πιεῖν·
1012 2512 1082 2594 δὸς
1110 2511 1212 2601 ἡμῖν

137 2619 269 2712 ίίδωρ,
301 2619 372 2690 ἵνα
398 2623 571 2708 πίωμεν.
610 2620 698 2690 Ἀλλ’
723 2631 823 2696 ἐκεῖνο
848 2631 910 2710 μίν
933 2623 1020 2710 ἔλεγε
1047 2622 1129 2711 πρὸς
1155 2622 1215 2692 τὸν
1335 2695 1337 2705 ,

138 2740 199 2806 τοῦ
225 2731 309 2816 θεοῦ
334 2727 530 2820 θεράποντα
557 2731 707 2818 Μωίίσῆν
734 2727 918 2817 γογγυστὴς
947 2729 1041 2814 λαὸς,
1072 2735 1213 2820 σκληρο-
1245 2731 1253 2744 ’

136 2833 316 2926 τράχηλος,
345 2837 481 2920 καὶτῆς
506 2831 654 2928 βρώσεως
680 2835 728 2904 ἔτι
753 2835 854 2921 οάσης
875 2838 939 2907 ἔσω
964 2835 1144 2926 στόματος
1152 2839 1214 2908 τοῦ

133 2942 301 3035 εὐεργέτου
327 2945 531 3013 καταλαλῶν.
572 2943 695 3012 Καί“
664 2939 767 3025 οιίτως
790 2950 932 3034 ίχων-
958 2943 1031 3016 ἀλλ
1055 2944 1213 3030 είσηκοιίε-

137 3080 188 3126 το.
216 3049 330 3140 Ημεῖς
348 3056 400 3133 δὲ,
427 3047 559 3130 λαός
528 3049 714 3183 ιυχνώμων,
744 3041 906 3124 δοῦλοι
873 3078 907 3123 ευ
926 3052 1051 3141 μάλα’
1033 3060 1215 3144 ησκημὲνοι

136 3160 219 3252 πρὸς
241 3168 365 3245 πί,στιν
398 3158 478 3240 λαὸς
510 3159 648 3250 μνήμων
679 3149 884 3289 εὐεργεσιῶν,
924 3161 1131 3252 ειίχοίριστος,
1170 3161 1216 3234 εί-

119 3269 202 3356 ,δώς
232 3268 390 3356 ἀκριβῶς,
419 3271 468 3353 τίς
496 3269 514 3346 ὁ
544 3263 718 3362 δεσπότης,
749 3270 799 3348 τίς
827 3264 846 3338 6
871 3273 993 3354 σώζων,
1025 3278 1072 3352 τίς
1099 3267 1117 3340 6
1143 3281 1214 3372 τρί·

143 3401 231 3473 φων,
262 3379 311 3456 τίς
335 3374 353 3476 6
378 3381 433 3476 ζῇν
462 3379 564 3448 ποιῶν
594 3376 751 3470 ἀσφαλῶς
777 3373 814 3464 (6
839 3375 906 3464 γάρ
934 3375 976 3446 ἀν
1003 3382 1111 3463 εἴημεν
1137 3375 1216 3447 ἀλο-

140 3482 275 3574 γώτεροι
297 3487 351 3554 καί
373 3486 437 3551 τῶν
461 3484 553 3573 παρά
574 3492 621 3571 τῷ
643 3482 797 3580 προφήτῃ
815 3479 971 3568 ζώων,“
948 3515 971 3554 α
992 3488 1068 3565 τους
1086 3487 1217 3573 κυρίους

138 3585 206 3663 οἶδε
222 3598 276 3661 καί
294 3591 367 3671 τούς
381 3597 603 3677 κτησαμένους
619 3588 771 3678 αῶτά)-
785 3597 908 3662 δίκαιοι
922 3597 1032 3662 τοίνυν
1047 3589 1152 3683 ἡμεῖς,
1167 3594 1214 3710 μη

138 3706 395 3782 διεκπεσεῖν,ου
380 3689 599 3783 ποθοῦντες
619 3699 818 3790 αἰτοίμεδα.

204 3847 238 3916 4.
256 3842 509 3936 Ἀντεπεξηγαγί
520 3872 598 3918 ποτε
609 3845 749 3940 βριαρας
755 3857 894 3940 χειραςη
884 3841 1050 3935 κραταιώ
1059 3819 1210 3930 βασιλεία

132 3958 267 4060 σαυτῷ
287 3959 485 4043 παλαμναίῳ
507 3959 614 4049 ἐκείνῳ
634 3964 770 4051 σεισμῷ,
787 3961 845 4026 καί
866 3950 930 4026 ὅσα
954 3953 1208 4030 καταπαλαίσας

133 4067 248 4153 βαλεῖν
259 4062 303 4148 εἰς
312 4066 375 4156 γῆν
386 4060 485 4146 αὐτὸς
493 4065 738 4160 ἐφιλονείκησεν,
748 4059 830 4172 αὐτη
845 4067 1024 4158 φιλοτίμως
1036 4055 1203 4144 ἀνίστησι,
