2864 4778
220 533 274 586 ΘΗ
590 529 899 584 PROLBGOMENAs

218 683 301 764 niue,
320 680 352 748 in
373 680 465 748 elium
484 680 583 745 locum
603 703 656 746 eos
676 704 710 745 se
726 680 922 748 abducturum
940 676 1118 757 enuntiavit,
1139 674 1192 763 qui
1206 697 1299 764 prae·

194 849 199 856 ,
219 786 299 856 sidio
319 783 417 870 megin
437 783 595 850 destitutus
615 800 712 852 essutr
739 787 835 868 irent,
861 805 956 850 neves
976 783 1227 862 conscenderent,
1249 803 1301 846 re·

159 929 162 934 ·
220 891 278 957 mie
310 889 525 956 incumberent.
583 895 630 957 Ee
658 890 734 957 liora
759 887 901 956 carabum
928 887 1023 970 sidit,
1063 884 1299 953 eGbelcidices

220 994 356 1082 partibus
373 995 423 1076 ⁸⁰)
445 995 507 1075 (sic
524 993 701 1074 videbatur)
720 994 760 1062 ad
780 996 863 1081 ipsos
882 994 1096 1061 velificantem.
1143 993 1180 1058 ld
1200 990 1301 1078 ipsunt

221 1103 350 1165 Sanctus
365 1095 433 1186 'per
457 1099 587 1185 quietem
613 1100 661 1165 illi
688 1114 856 1185 aperuerat.
908 1101 1049 1165 Ceterum
1076 1111 1185 1165 ventus
1211 1097 1301 1162 initio

220 1203 423 1289 navigationis
451 1202 609 1269 adserisri
635 1225 695 1268 non
723 1204 824 1270 desiit.
872 1209 1042 1290 Derepente
1061 1225 1135 1268 vero
1154 1215 1230 1268 nutu
1251 1200 1303 1266 di·
1429 1285 1430 1296 ἵ

220 1307 312 1390 tino,
340 1308 480 1394 precibus
502 1310 536 1375 S.
553 1307 698 1374 Demetrii
716 1306 988 1389 intercedentibus,
1010 1329 1028 1372 u
1048 1322 1135 1390 tergo
1154 1307 1200 1372 eis
1220 1329 1300 1371 ven·

220 1427 270 1477 tus
296 1411 447 1478 secundus
473 1410 608 1494 efflavit3
640 1413 877 1495 codetanum,
906 1426 940 1477 ut
959 1411 1156 1478 hebdomadis
1175 1429 1301 1476 sunctae

221 1517 272 1582 die
293 1531 416 1600 quarto,
444 1514 520 1580 bore
538 1515 680 1602 septime,
708 1517 958 1584 Thessalonicam
978 1517 1177 1605 appellerent.
1217 1517 1302 1582 Exin

219 1633 392 1704 torpescere
413 1640 556 1684 conamen
576 1619 698 1707 impium
718 1621 792 1689 belli
810 1621 961 1705 intestini,
984 1624 1065 1709 quod
1084 1625 1212 1688 Maurus
1233 1645 1302 1687 corn

221 1724 286 1790 suis
306 1723 450 1809 perabat:
477 1724 542 1814 ipse
563 1728 708 1807 Maurus,
734 1747 843 1811 magno
869 1727 976 1794 timore
1002 1739 1033 1792 ct
1059 1727 1302 1792 consternatione

190 1819 194 1826 ’
221 1841 388 1914 correptus,
409 1851 500 1915 quum
512 1851 592 1916 ¹prae
612 1830 711 1897 enimi⁴
726 1830 892 1915 dejectione
909 1831 941 1896 in
961 1829 1070 1897 febrim
1090 1830 1301 1916 gravissimam

220 1929 399 2014 incidisset,
422 1953 477 2018 per
494 1933 638 2021 plurimae
658 1935 724 2002 dies
743 1935 775 2001 in
796 1935 906 2000 lectulo
926 1935 1079 2002 decubuit.
1120 1937 1221 2020 Atque
1241 1957 1302 2000 ex·

222 2035 383 2121 spirasset,
406 2037 438 2104 ni
454 2036 619 2121 Sisinoiur,
640 2039 795 2123 ignorans,
815 2038 895 2123 pund
916 2038 1075 2106 meditatus
1094 2042 1205 2120 suerat,
1229 2061 1303 2104 rer·

221 2139 272 2204 bie
293 2163 361 2208 eum
381 2156 412 2206 et
426 2143 604 2227 juramentis
624 2165 760 2210 securum
781 2141 972 2210 reddidisset.
1012 2143 1097 2208 ldcm
1120 2140 1231 2209 deiude
1251 2143 1304 2209 vi·

224 2231 326 2310 aiones
351 2247 556 2313 Demetriacus
586 2247 644 2314 sibi
671 2249 790 2314 oblatas
815 2247 934 2312 civibus
962 2261 1074 2313 narret.
1115 2247 1302 2332 Eileoitque,

224 2365 256 2414 nt
279 2354 405 2416 Maurus
431 2373 497 2418 oum
525 2351 589 2417 suis
616 2352 691 2418 urbe
717 2351 823 2418 relicte
852 2354 890 2419 ed
917 2352 996 2418 latus
1022 2351 1088 2436 ejus
1114 2351 1303 2436 occidentale
1332 2405 1336 2412 .

223 2455 413 2536 concederet,
435 2479 507 2522 usus
527 2456 558 2522 iu
578 2479 615 2520 ee
637 2479 669 2521 re
690 2455 836 2522 militibus
855 2455 952 2543 ipsius
971 2457 1158 2524 carubiariis.
1171 2459 1227 2540 81)
1256 2461 1304 2528 lte

224 2559 447 2624 (leremcsianis
467 2582 558 2649 supra
578 2561 677 2642 dictis,
697 2561 721 2626 i.
740 2583 770 2627 e.
789 2561 913 2627 Graecis
933 2559 1085 2628 etiamtum
1104 2564 1185 2649 epsd
1199 2563 1304 2629 (lobe-

223 2683 290 2728 rum
310 2661 512 2744 versantibus,
534 2663 771 2730 Thessalonicae
790 2666 904 2749 absque
923 2664 1135 2751 impedimento
1155 2671 1305 2754 petendae

221 2767 320 2849 ‘major
348 2767 434 2853 copia
461 2771 543 2835 iacta
572 2784 619 2836 est
646 2772 734 2852 (Ad.
753 2772 809 2837 SS,
830 2770 854 2835 l.
872 2792 900 2837 c.
928 2791 994 2857 cap.
1016 2771 1203 2840 201-205.
1225 2795 1298 2863 pag.

223 2870 457 2948 182183.).·
539 2939 544 2946 ,

303 2977 350 3041 llo
381 2975 616 3042 Thessalonicae
645 2994 724 3044 statu
753 2979 860 3046 literae
888 2977 1060 3067 imperiales
1087 2980 1118 3046 in
1148 2980 1303 3050 civitatem

222 3075 414 3163 deierantur,
433 3071 554 3166 'quibus
572 3081 723 3149 sisinnius
747 3083 975 3181 (laramesienos
995 3085 1057 3150 suis
1078 3085 1210 3172 navigiis
1229 3109 1301 3155 cae

221 3181 397 3270 seruisque,
410 3203 498 3291 'quap
517 3188 718 3272 advenerant,
739 3190 881 3256 aliorsum
901 3190 1059 3277 deportare
1073 3191 1210 3277 jubetur.

221 3324 281 3340 buu·-
325 3335 442 3344 .,,.,.-,,,

270 3440 314 3494 ⁸⁰)
341 3434 403 3491 ΑΔ.
421 3435 473 3492 88.
495 3437 515 3490 l.
533 3453 559 3494 c.
582 3453 644 3508 cap.
663 3440 741 3495 aot:
788 3443 840 3500 τῶν
858 3441 986 3520 καράβων
998 3467 1024 3505 ιι.
1038 3467 1060 3505 ι.
1074 3447 1099 3504 l.
1119 3452 1213 3506 Locus
1227 3447 1305 3502 ursle

216 3511 270 3583 ‘dle
295 3518 351 3576 dno
376 3519 428 3578 τῶν
445 3521 533 3594 μερῶν
550 3526 738 3590 Xulultlus·
788 3549 895 3604 serrum,
937 3536 1014 3606 qrred
1055 3549 1174 3590 monere
1211 3531 1304 3588 setius

222 3611 278 3665 Pro
295 3611 397 3672 insano
414 3614 550 3682 Χαλκίδος
569 3631 623 3686 ego
641 3615 739 3674 unatim
787 3618 939 3689 durximue,
967 3637 1053 3691 quam
1073 3617 1307 3676 emendationem

224 3702 458 3772 Χαλκιδικῆς,
478 3703 558 3772 cirins
572 3703 602 3758 in
615 3717 738 3772 correpe·
787 3705 850 3772 cius
867 3713 986 3760 tentare.
1021 3709 1192 3760 Persuasum
1206 3710 1306 3760 munere

224 3794 272 3844 mu
289 3790 349 3845 tere
362 3792 494 3851 Sciathus
508 3791 601 3848 insuta
614 3789 668 3844 situ
681 3793 736 3845 est.
786 3791 943 3861 hebernus,
964 3791 993 3845 in
1010 3792 1183 3863 asportando
1198 3795 1304 3847 Mauro

222 3874 263 3927 lta
283 3878 402 3932 carabus
419 3878 465 3935 bis
486 3875 650 3934 homiuibus
665 3889 682 3931 a
698 3873 743 3932 ta.
787 3873 945 3934 Sieirruirun
969 3876 1125 3934 classiariis
1145 3875 1207 3934 suis
1224 3875 1305 3934 mili·

223 3965 284 4012 tere
305 3961 405 4018 dextro
422 3961 564 4036 appamit.
787 3960 865 4018 tibus
885 3980 969 4016 ιιιιιιιι
990 3978 1075 4034 esse,
1103 3961 1236 4037 ipsisque
1250 3979 1306 4020 un·

261 4047 308 4114 δι)
329 4050 389 4104 ΑΔ.
409 4051 460 4107 58.
487 4051 506 4105 Ι.
532 4063 558 4102 c.
582 4061 645 4114 cap·
661 4043 735 4098 ²⁰502
787 4045 872 4104 silius
890 4046 1011 4106 bellicis.

223 4129 284 4190 Kal
311 4133 359 4190 uui
384 4130 470 4192 oiseii
495 4132 613 4206 esposuit
638 4127 686 4187 ιοῖι
709 4133 738 4185 ts
