2890 4774
151 453 218 548 ιω]
361 479 614 532 ποετιτυιοε
638 441 1037 537 τιίτεειιοιτιοτιιειε.
1151 463 1228 542 425

149 625 318 698 δακτύλων
337 624 482 708 τύπωσις
502 635 717 716 θεοκίνητος,
747 630 829 720 πρὸς
857 629 1039 722 ὁμοιότητα
1057 633 1231 726 χρώματος

152 735 348 828 βάπτουσα,
370 737 626 834 καλλιγραφὴσει
647 739 689 808 τά
709 737 864 822 σώζοντα.

233 844 285 910 26.
326 844 487 930 Τοιαῦτην
508 844 566 933 ἐγώ
587 871 623 916 σε
646 850 761 934 θεωρώ
780 848 934 935 κιβωτὸν,
957 850 1112 924 θειότατε
1131 859 1230 942 βασι-

149 955 220 1035 λεῦ,
243 947 284 1040 ἢν
300 957 438 1045 φέρουσι
455 963 516 1040 μὲν
531 951 621 1043 βόες,
644 956 682 1024 οὐ
702 957 770 1024 κατ’
792 961 915 1042 ἐκείνην
933 957 994 1044 τήν
1014 961 1160 1046 τοπικὴν,
1188 961 1228 1034 οῦ

149 1060 233 1148 πρὸς
250 1065 431 1145 αἴσθησιν·
454 1062 539 1132 ἀλλά
557 1060 729 1133 θειότατοι
747 1064 837 1148 βόες,
858 1070 889 1134 οἱ
905 1066 965 1144 τάς
981 1069 1091 1159 ψυχὰς
1107 1070 1228 1158 ἀροῦν-

149 1157 205 1248 τες
229 1165 422 1253 ἀπόστολοι,
462 1167 511 1250 οἷς
542 1170 681 1262 πρώτοις
706 1174 724 1242 ὁ
752 1181 814 1241 τῶν
841 1173 1020 1242 διεστώτων
1048 1182 1229 1262 συνεκτικός

151 1281 294 1362 ἐπετέθη
321 1277 425 1364 ζυγός.
475 1285 618 1369 Φίρουσι
640 1286 674 1350 δὲ
694 1287 748 1349 καὶ
767 1285 858 1367 ἱερεῖς
877 1288 908 1350 οἱ
931 1291 995 1352 τῶν
1015 1290 1229 1371 μακαριστών

149 1392 288 1474 πατέρες
306 1388 434 1476 ἔξοχον,
457 1384 505 1468 οἷς
525 1397 764 1478 ἐπαναπέμπων
780 1391 840 1478 τὴν
860 1399 918 1460 τοῦ
940 1394 1002 1460 σοῦ
1022 1392 1097 1475 νοὸς
1119 1397 1231 1482 ἐμβρέ-

149 1501 267 1575 θειαν,
298 1502 353 1564 καὶ
386 1510 448 1575 τοῖς
472 1503 636 1578 πολειιίοις
661 1497 972 1586 ἀντεπεξαγὸμενος,
1004 1505 1129 1588 τρέπεις
1154 1505 1230 1582 τοῦς

114 1685 116 1692 ¹
152 1602 350 1694 ἀντιμοίχοος
369 1601 457 1692 ἡμῖν,
481 1615 527 1699 τῷ
545 1614 606 1702 νείρ
624 1606 773 1696 Ἰσραήλ,
797 1611 843 1696 τῷ
861 1606 1027 1702 άπολέκτῳ
1045 1608 1152 1698 κλήρῳ
1172 1619 1231 1680 τοῦ

153 1714 256 1790 θεοῦ,
292 1718 346 1780 καί
370 1713 478 1794 άνῦεις
500 1712 675 1802 ὀρθότατα
701 1717 760 1800 τὴν
780 1713 972 1808 ὁδοιπορίαν
997 1725 1056 1804 τῆς
1078 1722 1231 1804 πίστεως,

152 1825 208 1890 καί
230 1820 305 1902 τοῦς
326 1820 493 1900 τοιούτους
515 1828 568 1890 καί
592 1826 725 1909 ἐγγίζειν
748 1823 882 1905 ἀξειυῐς,
910 1830 965 1892 καὶ
985 1824 1156 1914 ὑπανέχειν
1182 1851 1233 1912 σε,

152 1934 209 1998 καὶ
231 1928 500 2018 προσάπτεσθαι.
537 1926 674 2018 Ἀναξιῳ
696 1935 730 1998 δὲ
751 1929 809 2000 οῦκ
830 1931 898 2000 ἔστι
916 1935 1131 2026 προσψαῦσαι
1153 1939 1231 2020 σοῦ,
1303 1953 1306 1960 ’
1335 1939 1337 1944 ’

153 2038 311 2125 καθάπερ
330 2033 398 2107 οὐδ’
418 2040 538 2120 ἐκείνης
555 2041 612 2138 τῆς
630 2044 664 2107 ἐν
679 2037 767 2131 τῦπιρ
783 2043 937 2124 κιβωτοῦ,
958 2037 1232 2128 οίχμαλωτισθῆ-
1319 2081 1329 2094 x

151 2173 207 2216 νοτε
222 2155 333 2235 μέντοι
348 2147 416 2214 κατ’
437 2151 570 2230 ἐκείνην,
590 2153 645 2218 καὶ
663 2144 862 2236 ἀπαχθῆναι
880 2155 922 2225 είς
935 2144 1127 2237 ἀλλοτρίου.
1163 2155 1232 2220 Τοῦ

151 2254 278 2334 παντὸς
303 2261 337 2325 δὲ
360 2253 497 2342 εἰσάγεις
523 2258 577 2324 καὶ
601 2255 752 2339 συνάγεις
776 2255 858 2343 πρὸς
880 2258 964 2324 θεὸν
986 2254 1024 2325 τὸ
1044 2251 1104 2344 τὴν
1122 2259 1232 2326 πίστιν

86 2442 93 2454 ,
151 2361 340 2450 ἀλλότριον,
368 2369 421 2430 καί
452 2361 540 2450 ἀγεις
567 2364 642 2444 τοῦς
668 2365 913 2454 ἀφισταμένους
940 2359 983 2441 είς
1011 2367 1095 2434 θεοῦ
1114 2360 1234 2436 οἰκειό-
1289 2377 1291 2386 ’

125 2499 252 2556 -τητα,
282 2478 338 2540 καὶ
366 2469 424 2554 τὴν
450 2481 509 2542 τοῦ
536 2475 620 2544 θεοῦ
645 2472 748 2560 αὐλὴν
768 2468 944 2562 προβάτων
965 2474 1117 2557 πληροῖς,
1147 2466 1232 2562 άπερ

153 2572 217 2666 εἶχε
241 2588 301 2666 μὲν
323 2580 406 2658 θεὸς
431 2580 451 2649 ὁ
476 2585 580 2668 μέγας
603 2579 742 2670 ποιμὴν,
773 2572 835 2650 ίσω
856 2584 890 2648 ὁὲ
912 2584 969 2664 τῆς
991 2581 1112 2652 ἐκείνου
1134 2578 1236 2666 αὐλῆς

153 2685 244 2762 οῦπω
266 2697 480 2774 προέκοπτον.
535 2771 539 2778 ι
927 2773 930 2780 γ

238 2796 290 2860 27.
320 2792 482 2885 Ἀρχιερεῦ
503 2795 657 2864 θειότατε
678 2799 733 2865 καὶ
754 2795 941 2888 σοφώτατε·
975 2783 1017 2878 ἦν
1039 2789 1094 2864 ίίτε
1113 2801 1167 2864 καὶ
1194 2797 1231 2868 σί

155 2901 279 2988 ταύτης
296 2902 505 2994 συνεφήπτου
526 2912 583 2990 τῆς
597 2906 749 2989 κιβωτοῦ,
765 2905 905 2988 ὁπηνίκα
920 2903 1060 2989 πόλεμος
1074 2913 1236 2996 ἐκροτεῖτο

154 3015 375 3098 πνευματικῆς
393 3010 610 3096 συζητήσεως,
631 3018 686 3080 καλ
704 3005 743 3096 ἦν
762 3013 780 3081 ὁ
801 3008 998 3098 ταττόμενος
1021 3018 1075 3080 καί
1095 3013 1236 3082 ἀντιπα·

158 3119 403 3210 ραταττάμενος
421 3123 594 3208 ἑτέρωθεν,
615 3126 669 3208 καὶ
686 3118 704 3206 ἡ
724 3113 861 3206 κιβωτὸς
877 3117 1064 3205 ἐπεξήγετο,
1086 3127 1141 3189 καί
1159 3123 1237 3206 (κα-

159 3225 274 3318 θάπερ
300 3217 339 3314 ἦν
362 3223 472 3316 ὅσιον)
501 3229 791 3316 συνεπελαμβάνου
818 3235 873 3298 καί
897 3223 1012 3308 αὐτὸς,
1043 3234 1098 3296 καὶ
1122 3229 1237 3316 ὀρθῶς

154 3344 312 3426 βεβηκοίηι
336 3345 594 3426 συμπαρίστασο.
637 3342 705 3408 Καὶ
730 3343 952 3423 κατωρθοῦτο
976 3336 1014 3406 τὸ
1037 3339 1120 3420 πᾶν,
1152 3335 1238 3404 θεοῦ

122 3487 125 3495 =
156 3449 352 3538 σοιρίζοντος
370 3445 427 3514 τὸν
448 3445 677 3535 αὐτοκράτορα
699 3443 777 3534 ὑπὲρ
795 3446 870 3524 τοῦς
888 3446 990 3514 αὐτοῦ
1007 3446 1158 3532 ἐχθροὺς,
1178 3469 1239 3511 κα·

157 3555 212 3626 θοί
231 3581 294 3625 που
312 3552 431 3649 ψάλλει
448 3559 562 3638 Anam·
587 3561 641 3625 κοιλ
658 3557 695 3624 τὸ
712 3556 895 3641 ἀντίμαγον
915 3552 1059 3621 ἔπιπτεν.
1090 3541 1166 3618 Ὅτε
1183 3553 1239 3618 καλ

116 3683 117 3688 ’
157 3661 198 3730 σίι
218 3669 279 3749 μὲν
298 3665 422 3750 σορίας
444 3658 590 3746 άβυσσος
603 3651 674 3746 ἀν,
703 3669 756 3732 καὶ
777 3662 859 3732 αὐτὸ
878 3659 916 3747 δὴ
942 3660 1039 3727 τοῦτο
1060 3654 1159 3744 λόγου
1182 3654 1238 3725 διά

156 3773 195 3841 τό
215 3780 271 3855 τῆς
290 3769 465 3857 ἐπιστήμης
488 3769 600 3858 περιὸν
623 3777 794 3864 ἐφθέγγου
812 3769 853 3836 τά
876 3775 936 3836 τοῦ
960 3773 1057 3836 θεοῦ·
1087 3763 1146 3853 οὐχ
1167 3757 1238 3848 ἥκι-

156 3904 221 3949 στοι
238 3887 271 3949 δὲ
287 3886 342 3949 καί
360 3876 378 3948 ὃ
396 3888 547 3966 μέγιστος
560 3880 714 3962 βασιλεὺς
724 3876 914 3965 Ἐρμαϊκαίς
930 3878 1088 3960 εὐέλαμπε
1100 3871 1236 3960 Χάρισι,

158 3986 305 4074 μάλιστα
321 3994 354 4058 δὲ
373 3996 485 4064 (εἰπεῖν
506 3984 722 4065 οἰκειότατον)
741 3979 781 4068 ἦν
799 3983 841 4066 ώς
859 3981 968 4068 στῦμα
987 3987 1088 4050 θεοῦ·
1117 3973 1156 4048 οῦ
1176 3977 1240 4061 μά-

156 4122 216 4165 νον
233 4096 280 4177 οἷς
298 4097 408 4184 ἀξίους
427 4099 537 4187 ἐξῆγεν
555 4098 590 4180 ἐξ
606 4092 747 4178 ἀναξίων
764 4091 850 4163 κατά
869 4090 907 4161 τὸ
925 4090 1067 4182 γράμμα
1083 4086 1122 4156 τὸ
1142 4083 1239 4181 ἱερὸν,
