2890 4774
278 441 354 517 3⁰6
697 467 913 516 mmm
1244 446 1339 537 [εει.

275 621 444 703 πιμπρηλν,
471 611 542 684 ὅσοι
563 615 636 702 περὶ
657 610 718 696 τὴν
738 613 842 702 ἀκοὴν
861 617 919 686 οῦκ
939 613 1147 702 εῦγνιύμονις·
1180 613 1264 689 άίστι
1284 627 1344 704 καί,

274 729 355 817 ὅπερ
373 721 416 816 ἦν
433 733 503 805 τοῖς
522 721 720 802 ἀποστόλοις
740 725 916 812 ἐξαίρετον,
945 722 1005 804 τίς
1025 726 1165 796 πάσαν
1184 726 1257 812 τὴν
1275 737 1345 816 γῆν

274 840 461 922 ἐξελθεῖν
480 835 552 904 τόν
573 831 769 927 φθόγγον
790 831 940 915 αὐτῶν,
961 836 1031 902 καὶ
1050 829 1108 913 εἰς
1127 835 1177 903 τά
1192 844 1342 926 πέρατα

274 948 347 1034 τῆς
366 941 608 1028 οἰκουμένης
630 939 681 1009 τά
702 941 880 1029 ῥήματα,
906 936 966 1008 οῦκ
987 938 1030 1009 ἀν
1049 943 1112 1030 dyo)
1132 940 1344 1035 φοβηθησαί·

273 1078 342 1144 μην
361 1057 417 1120 καί
439 1051 486 1136 τῷ
505 1051 597 1138 καλῷ
616 1047 824 1138 συναρμόσω
843 1045 948 1135 τούτῳ
970 1052 1120 1143 φωστῆρι
1139 1056 1196 1121 καὶ
1215 1053 1346 1138 άληῦάς

272 1170 334 1234 τοῦ
357 1164 507 1248 Χριστοῦ
523 1163 676 1254 μαθητῇ.
716 1158 788 1244 Γῆν
814 1162 876 1245 μίν
902 1157 968 1247 γάρ
993 1153 1053 1228 οῦκ
1079 1151 1123 1249 ἦν
1139 1166 1345 1252 περιτρέχων,

273 1267 348 1340 οῦδὲ
375 1267 436 1346 τάς
461 1263 570 1346 πόλεις
590 1266 797 1352 ἀναμετρῶν,
824 1268 881 1332 καί
901 1262 967 1336 ἀπὸ
988 1265 1110 1353 ταύτης
1133 1270 1216 1362 πρός
1236 1278 1345 1361 ίτίραν

269 1383 465 1469 μεταηιοριῦν
496 1375 584 1444 κατά
613 1373 738 1443 τὸτοῦ
765 1378 877 1460 κυρίου
904 1369 1138 1465 παράγγίλμα·
1180 1377 1256 1449 οῦτε
1283 1380 1345 1468 μην

272 1482 368 1581 φὴμη
387 1488 629 1571 πτιρυσσομίνη
645 1487 817 1568 πανταχοῦ
835 1485 953 1551 τοῦτον
969 1491 1170 1574 παρέπεμπε.
1200 1490 1271 1556 Καί
1282 1480 1344 1576 εἶχε

269 1601 331 1683 μὲν
353 1593 618 1661 θεσσαλονικίιον
636 1585 694 1658 τόν
716 1590 1009 1679 λογογραφοῦντα,
1038 1595 1075 1659 αί
1090 1595 1125 1661 δὲ
1147 1597 1263 1666 λοιπαὶ
1285 1599 1344 1664 τῶν

268 1703 410 1780 πόλιωκ,
440 1698 475 1765 ἐν
502 1695 555 1776 ιιίς
578 1700 633 1766 καὶ
659 1696 763 1787 λόγιον
791 1694 947 1788 τρόφιμοί
970 1723 1055 1778 τινες
1082 1705 1138 1770 καλ
1158 1701 1342 1796 φιλόκαλοι,

268 1809 504 1899 μετεκαλοῠντο
524 1805 601 1885 τούς
621 1803 748 1891 λόγους·
769 1808 824 1872 καί
833 1791 929 1892 ,ἦσαν
949 1801 1052 1887 ὄντας
1070 1807 1269 1898 πτερόεντες,
1290 1840 1343 1881 τα·

265 1921 349 2008 χίως
374 1913 456 2002 πρὸς
486 1912 563 1991 τούς
590 1915 771 1992 καλοῦντας
799 1909 1068 2005 μεταφερόμενοι.
1113 1914 1242 1992 Οὐκοῦν
1260 1925 1343 2010 γέμει

267 2032 329 2114 μὲν
349 2017 477 2106 ἡπόλις
497 2012 581 2102 αῦτη
601 2021 666 2087 τῶν
688 2021 803 2113 σοφῶν
822 2022 881 2090 τού
900 2020 1050 2111 μάκαρος
1067 2025 1341 2116 συγγραμμάτων,

265 2136 359 2220 γέμει
378 2134 413 2197 δὲ
433 2133 489 2196 καί
508 2122 529 2211 ἡ
549 2135 614 2196 τῦν
633 2129 699 2196 τῶν
719 2126 843 2197 πόλεων
861 2132 1006 2218 βασιλὶς,
1027 2126 1212 2215 ύίίικτούς
1232 2134 1342 2224 λόγους

184 2245 186 2252 ’
264 2245 439 2332 λδρίψατο.
470 2233 516 2304 Εἰ
533 2240 568 2303 δὲ
584 2239 638 2332 καὶ
655 2231 737 2322 πρὸς
753 2237 865 2323 ἑτέρας
876 2238 1056 2332 βαδίσειμς,
1077 2235 1137 2310 οῦκ
1152 2238 1195 2311 ἀν
1215 2241 1340 2339 εύρησης

264 2355 325 2418 τοῦ
343 2345 444 2432 λόγου
459 2353 599 2434 μέτοχον
614 2346 671 2428 τῆς
687 2345 886 2414 Εύοταθίου
902 2341 1044 2430 Μούσης
1061 2345 1222 2435 ἀμύητον.
1255 2352 1337 2441 Παρ’

263 2458 335 2544 λμολ
359 2457 393 2522 δὲ
420 2449 488 2540 ἀρα
511 2456 568 2522 καλ
593 2450 749 2543 φάκιλλοι
776 2457 892 2523 πολλοὶ
911 2455 975 2522 τάν
995 2460 1189 2540 ἐπιστολῶν,
1220 2463 1339 2553 σοφίαν

261 2587 298 2632 τι
323 2561 446 2644 πολλὴν
469 2567 761 2653 λμπιφορτισμίιοι
784 2565 839 2630 καλ
865 2567 984 2632 κακίαν
1011 2556 1150 2633 άπασαν
1173 2566 1337 2652 στηλιτεύ-

260 2688 365 2748 οντες·
396 2665 453 2761 ἀφ’
476 2659 522 2737 ὧν
543 2665 606 2757 ίγιά
627 2673 681 2738 καί
701 2667 816 2756 θυμόν
834 2669 989 2750 πολλάκις
1006 2662 1082 2741 οἶδα
1100 2676 1221 2760 σβέσας
1243 2679 1337 2768 φλεγ-

260 2783 441 2867 μαίνοντα,
469 2781 525 2847 καί
551 2778 656 2859 λύπης
679 2772 835 2864 ἀμετρίαν
856 2774 1128 2866 ἀποσεισάμενος.
1166 2785 1240 2850 Καὶ
1262 2784 1336 2861 ὅλαις

258 2885 458 2956 διδασκάλου
474 2885 628 2980 ἐφαίνετό
648 2915 704 2974 μοι
724 2887 761 2954 τό
779 2883 973 2956 ἐπιστόλιον.
1014 2886 1096 2956 Ούδί
1109 2883 1175 2976 γάρ
1190 2887 1239 2970 τίς
1255 2886 1333 2976 άγά·

258 3020 322 3076 πης
341 2997 458 3080 δεῖγμα
475 2992 580 3080 μόνον
603 2995 817 3083 ἓχαράττιτο,
844 2993 931 3064 ἀλλά
952 2997 1008 3063 καὶ
1031 2991 1151 3074 κακούς
1167 2995 1333 3106 ίλοιδόρει,

257 3105 312 3170 καί
337 3099 494 3186 ἀγαθούς
515 3100 745 3187 ἀπιθαύμαζι.
791 3105 861 3170 Καί
879 3105 996 3188 ε’τίροιν
1018 3108 1081 3188 μίν
1106 3106 1245 3179 ἐπετίμα
1267 3113 1334 3183 ταῖς

256 3205 459 3292 ἀπληστίαις,
481 3213 512 3278 οἳ
526 3208 588 3290 τάς
603 3209 713 3290 πόλεις
726 3212 993 3297 καταλυβάνται,
1013 3213 1069 3278 καὶ
1087 3211 1147 3290 τάς
1164 3216 1332 3298 ἐκκλησίας

254 3323 341 3385 θεοῦ
360 3319 586 3405 λυμαίνονται·
618 3317 812 3386 ἀπεκλαίετο
832 3320 867 3385 δὲ
887 3321 942 3385 καλ
960 3313 1087 3401 κόσμον
1109 3317 1171 3388 οῦκ
1192 3327 1227 3388 ὲν
1247 3321 1332 3408 καλῷ

254 3431 418 3515 κείμενον,
445 3426 503 3496 ἀτι
523 3423 562 3514 δὴ
584 3440 657 3504 ταῖς
675 3425 847 3515 ἡμετέραις
868 3420 1022 3512 ἀνομίαις
1043 3424 1331 3518 συναχριιούμενοκ

248 3539 311 3620 Ικαλ
329 3529 648 3624 συναναιρούμινον.

332 3643 366 3710 4.
395 3641 496 3712 Ἀλλά
525 3639 623 3731 λόγον
649 3646 711 3728 μὲν
735 3643 790 3708 καί
816 3641 939 3732 σοφίας
965 3636 1069 3724 ούτυς
1089 3635 1173 3732 εἶχεν
1191 3641 1210 3714 ό
1230 3644 1328 3725 καλός

253 3741 348 3830 οὗτος
376 3749 553 3841 ἀρχιερεύς,
585 3747 629 3831 ἀς
655 3758 715 3840 τῆς
741 3746 845 3818 αύτοῦ
870 3748 1013 3837 γλώττης
1040 3751 1170 3834 πάντας
1196 3757 1325 3843 λξηρτῆ-

250 3864 339 3926 σθαι
360 3857 581 3950 φιλομούσοις
612 3853 683 3945 ἅμα
703 3862 758 3925 καὶ
780 3856 1015 3948 φιλορὴτορας,
1045 3867 1102 3930 καλ
1122 3867 1207 3950 μηδὲ
1225 3869 1325 3950 κηροῦ

249 3969 385 4036 δεῖσθαι
405 3975 479 4048 ταῖς
499 3971 614 4046 ἀκοαῖς
632 3965 718 4037 κατά
736 3964 811 4046 τούς
829 3966 872 4034 τά
885 3967 1049 4056 Σειρὴνια
1063 3976 1321 4058 παραπλέοντας,

247 4067 292 4150 ῦς
306 4069 352 4160 μὴ
371 4081 444 4157 ταῖς
458 4078 630 4166 μελῳδίαις
650 4076 902 4162 λναπομιίνοιεν.
938 4074 1142 4158 Ἧθιλονδί
1163 4082 1205 4176 κη’,
1222 4074 1320 4169 ἀκρο-
