2864 4778
497 489 807 573 noszoonerts.
1122 499 1196 549 otta

194 637 331 720 tionibus
351 635 463 705 auditis
483 643 628 724 Momm,
648 641 931 728 cummhopottn
951 646 1117 732 presentes,
1136 639 1249 712 iar-7⁰

81 769 87 786 ·
107 757 281 834 potatorem
298 741 385 826 adiit,
406 759 440 810 ttt
457 743 491 810 in
510 746 639 842 pretinm
657 763 798 835 aooeptss
813 747 954 836 prinosps
968 750 1067 820 fieret.
1095 750 1196 839 ipsius

108 866 214 918 umen
238 849 342 916 Mauri
368 849 451 915 filios
476 851 517 916 ad
543 850 611 938 pios
638 850 828 938 inperatoris
852 875 942 920 aures
969 853 1086 936 dnlsrt,
1116 878 1197 941 quae

108 971 201 1046 poter
226 956 377 1024 adversm
403 953 650 1022 Thessalonicam
677 956 834 1043 ipsa-que
854 957 1017 1024 Thronion
1037 961 1198 1026 meditatos
1307 1031 1314 1042 ,

109 1063 240 1144 inisset,
279 1081 359 1145 quoe
384 1081 460 1135 vera
487 1081 575 1144 esse,
603 1060 674 1126 inde
698 1083 819 1147 quoque
844 1062 995 1148 oognitom
1024 1079 1086 1148 ost,
1116 1067 1198 1152 qaod
1266 1120 1270 1126 .

114 1169 256 1235 coheres
277 1165 379 1232 Mauri
397 1168 498 1234 sorios
517 1167 643 1253 ejusque
664 1188 777 1231 rrxores
795 1167 920 1248 eodem,
950 1182 983 1233 nt
1002 1184 1112 1246 antes.
1137 1171 1199 1236 hst-

111 1295 188 1340 nore
206 1275 348 1360 prosequi
368 1295 428 1340 non
445 1275 622 1341 desistebat.
651 1265 819 1362 inperator
833 1273 974 1336 Mauram
987 1272 1054 1338 nsoi
1068 1297 1129 1339 non
1143 1276 1199 1342 de·

114 1378 181 1460 dit,
210 1377 266 1442 sed
292 1376 440 1460 dignitate
464 1376 602 1445 orbatum
628 1379 659 1444 in
685 1374 861 1444 suburbium
886 1377 1038 1462 quoddam
1059 1379 1200 1464 cpolita-

113 1505 207 1564 nom,
241 1483 396 1560 uoomiati
415 1483 490 1549 setis
510 1484 697 1572 prospioiemr
716 1479 817 1565 (μετὰ
839 1487 903 1550 τῶν
923 1482 1119 1572 ἀσφαλῶν),
1147 1507 1200 1550 re·
1311 1491 1314 1498 “

115 1586 251 1673 legarit,
272 1601 364 1672 etone
382 1607 402 1652 a
422 1592 613 1674 praefeotnrs
633 1603 663 1655 et
682 1587 810 1670 militia,
832 1609 921 1675 qna·
941 1589 1092 1677 habebat,
1112 1615 1199 1660 amo
1268 1593 1270 1598 ’

114 1692 161 1759 vit
180 1694 269 1777 (ΑἈ.
289 1695 346 1758 SS.
365 1692 388 1757 Ι.
404 1717 430 1758 o.
451 1715 518 1779 oap.
538 1696 631 1775 2⁰7).

196 1796 354 1864 Habomns
372 1819 415 1864 ex
436 1798 522 1864 Artis
545 1804 722 1866 Sonotmrmn
747 1795 846 1864 ultimi
872 1796 947 1864 belli
973 1800 1098 1886 petitam
1126 1823 1200 1867 nor·
1251 1857 1255 1876 ,

114 1901 282 1983 rationem,
303 1902 401 1987 qnod,
419 1921 601 1988 quemqnam
621 1925 681 1968 oen
697 1901 819 1988 erepit,
839 1916 939 1968 tamen
959 1902 990 1968 in
1012 1925 1048 1970 oe
1069 1919 1145 1988 erat,
1165 1919 1200 1972 rs

114 2006 271 2072 oiritstern
293 2007 352 2072 nisi
372 2021 538 2089 evomeret,
558 2021 659 2072 tomen
679 2004 819 2074 barbaris
838 2006 1036 2082 hebdoadem
1053 2011 1198 2080 traderet.

109 2113 142 2178 Ἰἰ
169 2109 293 2196 qoiaam
318 2111 449 2194 inerint,
479 2125 559 2178 trost
584 2126 617 2175 nt
643 2110 705 2176 alio
725 2117 901 2200 Anooynss
920 2113 1012 2198 bajas
1032 2114 1106 2180 belli
1126 2137 1199 2182 nor·

111 2233 207 2284 rator.
248 2219 374 2284 Praeter
393 2217 523 2300 gentiles
543 2216 675 2281 maxime
694 2215 875 2281 christianos
896 2217 1033 2284 homines
1053 2243 1093 2284 err
1108 2224 1198 2285 Are·

113 2323 161 2389 ria
179 2319 317 2388 cerberus
335 2317 522 2406 Maurosque
541 2322 572 2388 io
592 2319 802 2386 Macedoniam
823 2321 1024 2390 adduxerant.
1063 2324 1092 2389 li
1106 2323 1198 2391 chri·

112 2425 204 2494 atiani
225 2449 285 2492 noo
305 2426 359 2491 alii
377 2426 450 2492 mihi
466 2427 606 2492 videntur
620 2450 710 2518 qoam·
723 2425 843 2506 Graeci,
864 2448 940 2511 qnos
956 2427 1082 2512 patriam
1097 2451 1194 2512 snam,

110 2529 373 2612 Thessalonicam,
394 2530 527 2616 inquam,
548 2529 840 2615 Constantinopolin,
857 2529 1007 2597 'l'hrooiae
1022 2532 1123 2612 orbes,
1141 2556 1198 2598 ve·

111 2637 269 2702 hementer
287 2635 477 2724 appetiisse,⁸
488 2657 561 2724 pag.
576 2637 727 2700 xcvnl.
744 2633 884 2718 legimns.
919 2638 982 2700 lios
997 2637 1199 2704 Thessaloni·

12 2821 16 2828 ¹
110 2765 166 2806 ose
175 2763 235 2806 non
247 2739 423 2805 metuendos
435 2739 528 2805 inisse
538 2756 627 2828 pnto3
642 2755 672 2804 et
682 2754 797 2825 partem
808 2761 910 2804 eornm
919 2741 1089 2827 praelectas
1098 2743 1199 2809 Thos-

108 2844 309 2927 s'aionioensis
324 2842 434 2930 Gpolin
455 2857 525 2909 ante
542 2843 643 2912 Mauri
667 2841 794 2908 insidias
818 2844 1036 2916 transmiserat.
1071 2851 1201 2914 Restant

93 2933 236 3015 ¹barbari
254 2944 406 3034 gentiles,
426 2973 502 3033 quos
519 2948 663 3014 Actorum
686 2945 818 3011 narratio
831 2971 898 3012 non
920 2949 1139 3035 praetermittit,
1159 2953 1201 3018 li·

109 3069 158 3119 oot
181 3055 349 3120 nominibus
370 3079 492 3138 eorum,
523 3049 603 3139 quod
624 3051 803 3132 dolendum,
832 3077 892 3118 non
913 3051 1072 3140 appositis.
1119 3059 1201 3122 Pau·

110 3159 210 3224 oiores
238 3183 291 3225 eos
314 3144 442 3229 Graecis
475 3160 645 3227 christianis
673 3155 785 3238 foisse,
831 3163 1007 3246 Anonymus
1035 3159 1201 3244 significat.

113 3269 239 3349 lamque
257 3265 472 3352 interroganti,
495 3265 617 3352 quinam
637 3262 660 3328 ii
680 3261 803 3328 barbari
824 3260 954 3342 inerint,
975 3264 1128 3348 Balgaros
1144 3289 1202 3353 po·

109 3369 262 3433 tissimum
275 3370 370 3434 fuisse
383 3371 595 3456 respondebis:
609 3365 756 3462 siquidem
769 3367 859 3430 duces
871 3366 1074 3452 expeditionis
1087 3371 1203 3454 Balga-

108 3475 136 3541 ri
154 3475 216 3539 dno
232 3477 329 3556 inere,
343 3475 488 3542 coheres
506 3492 536 3540 et
548 3479 686 3539 Maurus.
717 3469 744 3534 li
761 3494 832 3536 vero
845 3469 936 3550 (alios
950 3470 1095 3537 barbaros
1111 3471 1202 3556 igno·

109 3585 158 3658 ro)
179 3563 373 3664 ooeopendae
392 3579 628 3646 Thessalonicae
648 3599 736 3663 pares
757 3597 825 3638 esse
843 3573 925 3637 haud
943 3589 1090 3661 poterant.
1125 3579 1200 3642 Erat

109 3683 213 3766 itaque
235 3685 468 3766 confugiendum
490 3685 527 3750 ad
547 3681 706 3750 Sclavinos
725 3679 963 3746 Thessalonicae
986 3679 1196 3760 conterminos,
1257 3740 1259 3744 .

107 3786 265 3853 hominnm
291 3770 480 3854 multitudine
506 3789 659 3854 florentes.
708 3786 752 3849 lis
773 3807 876 3849 carere
898 3808 958 3850 non
978 3783 1195 3872 poteratBnl·

107 3915 251 3980 garonam
286 3915 341 3979 par
372 3909 565 3960 memoratam
600 3893 640 3956 ad
670 3890 896 3978 opprimendam
926 3887 1195 3971 Thessalonicam,

109 4017 323 4082 eamqoeroum
335 3999 517 4079 Macedonia
531 3995 706 4076 tenendam3
730 3995 828 4060 minos
846 3995 936 4060 etiam
957 3995 996 4058 ad
1015 3994 1196 4080 impugnatr-
1333 4005 1338 4010 '

109 4101 178 4166 dam
198 4103 380 4184 Thraciam,
404 4103 527 4185 Asiam,
549 4098 842 4187 Constantinopolin.
890 4099 978 4166 Unde
999 4097 1056 4164 hoo
1077 4117 1196 4186 quoquo
