2858 4778
294 424 370 506 410
731 440 946 498 ανεεειυιι.
1261 426 1346 520 [σεε.

293 600 356 681 κάς
380 601 517 687 καρδίας
545 593 723 677 έπάταξας.
762 591 1013 687 Ἔπιιράθησόν
1031 621 1094 669 σου
1113 601 1177 668 τών
1196 591 1347 688 ἀηττήτων

289 711 415 803 χειρῶν.
443 700 603 792 Ἔμαθόν
622 727 667 780 σε,
688 709 743 772 καὶ
763 711 797 771 έν
814 707 950 790 βουλαῖς
967 707 1167 794 θαυμαστόν
1181 710 1258 800 ὑπὲρ
1275 712 1347 792 υίοῦς

290 815 489 906 ἀνθρώπων,
508 816 564 881 καὶ
579 818 613 879 έν
627 817 779 898 πολέμοις
792 811 951 900 κραταιόν
967 820 1023 882 καλ
1040 813 1263 908 ἀπρόσμαχον·
1282 845 1345 911 πρη·

291 924 426 1014 στηριον
442 918 503 1002 τάς
517 931 651 1015 φρένας·
672 921 910 1010 κεραυνοβόλον
928 919 989 1000 τάς
1000 929 1123 1012 χεῖρας·
1145 927 1222 1010 ὀξὺν
1238 929 1347 1018 βουλεί·

291 1041 438 1103 σασθαι·
459 1037 560 1120 ταχύν
575 1029 808 1112 ἱππάσασθαι,
829 1015 921 1101 όπλοί
933 1036 968 1099 δέ
984 1030 1154 1124 ἄρασθαι,
1175 1030 1246 1105 οίον
1262 1031 1346 1112 οὐθείς

227 1167 228 1174 “
287 1138 520 1230 ῦποστήσεται.
558 1143 627 1208 Καί
657 1127 699 1224 ἦν
719 1139 816 1206 τοῦτο
837 1138 929 1224 τάξις
949 1135 1068 1230 ἀρίστη
1095 1147 1152 1225 καὶ
1177 1141 1345 1213 ἀκολουθία
1389 1155 1390 1162 ’

289 1251 426 1343 φύσεως.
459 1248 524 1318 Ὃν
543 1249 608 1339 γὰρ
625 1249 719 1318 αὐτοὶ
735 1243 870 1333 ἀριστέα
885 1240 972 1318 εἶδον
987 1259 1020 1318 έν
1036 1255 1221 1339 προοιμίοις
1236 1249 1346 1341 ἀνδρὸς,

286 1362 342 1438 ὅτε
367 1363 463 1446 μήπω
489 1363 572 1452 μηδὲ
594 1362 689 1443 χάρις
709 1353 809 1441 χλόης
833 1359 973 1446 φυσικῆς
996 1357 1224 1428 ἀνατέλλουσα
1246 1357 1344 1449 ἤνθει,

285 1475 342 1541 καί
369 1469 427 1536 τόν
457 1469 515 1534 τοῦ
538 1461 711 1556 ιιροσώπου
728 1461 876 1549 λειμῶνα
903 1468 1099 1554 περιέτρεχε,
1136 1475 1208 1536 οἴου
1233 1472 1345 1546 ἔμελλον

284 1574 404 1645 τούτου
426 1569 672 1663 πειράσασθαι,
699 1568 753 1638 ότι
774 1568 980 1650 θεὸςάῦτόν
1003 1579 1058 1640 καί
1077 1571 1122 1656 είς
1142 1572 1264 1663 ἀνδρὸς
1283 1580 1344 1644 ίντέ

284 1689 376 1753 λειαν
395 1683 545 1764 έστησενς
570 1671 624 1747 Ἦ
634 1674 765 1755 πάντως
783 1677 949 1764 τοιούτου,
971 1676 1043 1749 σίου
1059 1681 1118 1764 τὴν
1137 1687 1263 1753 ἐκείνων
1278 1677 1353 1750 ἀπα·

225 1816 227 1820 ·
282 1815 347 1859 σαν
366 1794 568 1881 σωφρονίσαι
589 1788 713 1873 μανίαν
736 1785 931 1876 τραύμασιν.
974 1790 1092 1860 (ίῖθασι
1110 1801 1233 1878 μενοῦκ
1250 1796 1346 1862 ἐκεῖνον

281 1903 405 1976 ταῦτα,
426 1899 487 1966 καί
503 1905 547 1984 γῆ
567 1899 601 1964 δέ
622 1891 641 1982 ἡ
666 1895 836 1981 σύμπασα.

362 2005 395 2070 6.
427 2005 509 2091 ’λγώ
534 2010 642 2074 δὲκαὶ
664 2002 706 2071 τά
726 2004 783 2088 τῆς
799 2001 961 2092 Εὐρώπης
981 2003 1092 2088 αὐτοῖς
1114 2005 1342 2097 ἀναβοὴσομαι,

279 2109 339 2201 οὐχ
365 2112 418 2182 ότι
445 2114 491 2200 μὴ
519 2106 702 2183 καὶταῦτα
731 2115 853 2181 οἴδασι.
894 2114 975 2191 Ηώς
1001 2109 1068 2204 γάρ
1094 2107 1210 2200 ἦνκαὶ
1231 2122 1341 2193 λαθεῖν,

276 2223 366 2293 ἔνθα
393 2223 413 2310 ἦ
443 2219 538 2313 φήμη
564 2224 630 2289 τῶν
656 2225 822 2306 τροπαίων
848 2217 893 2299 είς
919 2229 1033 2290 πᾶσαν
1057 2227 1121 2310 γῆν
1148 2223 1341 2316 περιήγηται,

196 2349 202 2368 ‘
277 2336 334 2398 καὶ
353 2331 408 2416 (τό
430 2327 647 2417 ὑμνούμενον)
666 2323 743 2412 ώζεν
760 2325 780 2412 ἡ
798 2326 968 2414 οἰκουμένη
996 2337 1060 2396 τών
1080 2334 1115 2399 έν
1132 2333 1274 2429 Εὐρώπη
1293 2357 1341 2400 πο-
1393 2378 1394 2422 ,

234 2519 238 2527 ¹
274 2441 394 2524 λεμίωυ
414 2443 555 2526 νεκρῶν,
578 2440 719 2506 καὶτῶν
741 2441 955 2528 βαρβαρικῶν
983 2440 1109 2507 ἐκείνων
1129 2436 1339 2529 πτωμάτωνό

167 2575 171 2593 ·
200 2555 204 2562 ’
274 2545 376 2626 τόπος
397 2551 553 2633 περιῆλθε
574 2548 652 2626 τοὺς
671 2543 865 2635 ἁπανταχοῦ
885 2549 961 2634 γῆς,
983 2554 1198 2638 περιηχηθείς
1217 2547 1261 2628 είς
1279 2544 1341 2630 ίξοί·

273 2679 434 2740 κουστονς
445 2651 491 2724 ‘¹0
504 2653 542 2744 δή
563 2682 650 2738 τινος
666 2661 714 2724 ἐπὶ
729 2659 864 2740 σεισμοῦ
881 2655 1123 2746 ίφαντάσαντσ,
1141 2653 1340 2729 ὑπονοοῦντες

273 2761 388 2857 λόφων
415 2762 589 2858 ὑψώματα
610 2769 851 2852 κατενεχθέντα
876 2766 934 2846 της
961 2760 1119 2842 στάσεως,
1147 2771 1205 2834 καί
1231 2761 1338 2852 κατόρ-

271 2867 376 2956 ξαντα
393 2871 560 2942 τινάσσειν
580 2879 641 2958 μὲν
659 2871 718 2954 τὴν
735 2873 880 2957 προσεχῆ
895 2874 971 2957 γῆν,
993 2872 1228 2945 κατασαλεῦαυ
1245 2879 1278 2942 δέ
1292 2873 1336 2940 καί

269 2981 334 3052 όσα
350 2980 498 3070 ἐχόμενα.
542 2976 633 3050 (λῦτω
648 2984 839 3068 κάνταῦθα,
856 2980 941 3072 πλὴν
959 2977 1004 3058 εἰς
1022 2980 1198 3068 ἀλήθειαν,
1220 2983 1337 3052 ἔπιπτεν

269 3089 526 3178 κατασειὸμενον
556 3092 750 3180 Εὐρωπαῖον
786 3086 932 3180 ὀφρυόεν
961 3091 1096 3160 ἐθνικόν
1123 3089 1336 3174 ἐπανάστημα,

269 3203 324 3267 καὶ
345 3195 364 3268 ό
385 3196 493 3292 φόβος
514 3197 558 3280 εἰς
574 3198 687 3270 Ἀσέαν
708 3200 863 3283 διέβαινε,
894 3205 948 3267 καὶ
974 3206 1118 3266 κατέσειε
1131 3195 1180 3268 Ιτό
1203 3197 1335 3290 ἀλλόφυ·

267 3313 341 3388 λου,
371 3313 426 3374 καί
450 3307 491 3375 ιθ
513 3309 572 3376 τοῦ
593 3312 750 3394 βασιλέως
772 3300 822 3374 ἐπ’
844 3301 1036 3396 ἀμφοτέρας
1054 3310 1188 3395 βλέμμα
1209 3308 1270 3375 ὅσα
1288 3303 1334 3372 καί

265 3419 351 3485 θεοῦ
369 3420 425 3483 καὶ
444 3414 568 3498 ταύτην
583 3413 734 3512 κάκείνην
750 3419 877 3504 τρέαειυ
893 3417 1001 3481 ίποίει.
1045 3410 1172 3482 ίίῦκοῦν
1192 3415 1266 3482 οὐδὲ
1284 3409 1334 3486 τίς

265 3521 426 3612 δυσμικάς
453 3521 634 3610 ἀγνοοῦσιν
655 3520 887 3612 ἀριστουργὶας
910 3527 942 3592 οἱ
967 3527 1039 3610 περὶ
1062 3525 1126 3607 γῆν
1149 3525 1281 3605 ἐκείνην.
1300 3515 1333 3603 ἣν

261 3642 370 3723 ἐφορᾷ
387 3627 475 3718 ἥλιος
495 3631 696 3733 πρωτοφαης
713 3627 925 3710 ἀναπετάσας
945 3629 984 3699 τό
1000 3633 1180 3723 βλέφαρον.
1213 3633 1281 3698 Καὶ
1296 3614 1331 3712 ἦν

260 3749 322 3827 μὲν
337 3739 375 3810 οῦ
393 3743 476 3834 πρὸς
492 3741 657 3828 ἀνάγκης,
680 3737 722 3808 τά
743 3747 880 3808 τοιαῦτα
897 3744 967 3816 τοῖς
982 3737 1200 3824 μεμαθηκόσι
1219 3739 1328 3806 λαλεῖν·

260 3849 322 3934 τήν
347 3855 381 3917 δέ
404 3849 485 3938 ἐμὴν
510 3853 664 3937 γλῶσσαν
687 3846 707 3932 ᾗ
735 3848 794 3932 τῆς
815 3848 988 3931 βασιλικῆς
1012 3845 1183 3934 θερμότης
1204 3853 1328 3915 πίστεως

256 3954 411 4038 χαλκεῖον
433 3951 583 4040 ιὲγώυευσε
605 3949 705 4020 λάλον
731 3953 787 4016 καί
811 3955 939 4039 σιωπᾷν
964 3948 1024 4016 οὐκ
1048 3946 1148 4029 είθός,
1179 3947 1259 4015 ἀλλά
1283 3944 1328 4010 καί

261 4058 331 4129 τοῖς
348 4047 449 4122 εἰδόσι
467 4051 711 4148 φθεγγόμενον,
733 4053 788 4120 καί
804 4048 843 4119 οὐ
862 4049 906 4118 δι’
930 4045 1026 4138 όγλον
1045 4046 1229 4137 γινόμενον.
1270 4044 1327 4111 Καὶ
