2864 4778
514 428 823 502 euncaoumsau.
1104 457 1201 509 nxrx
1233 529 1234 532 Ἴ
1348 415 1354 424 “
1381 417 1384 424 ’

123 597 252 664 nutrius
277 607 379 680 emet,
411 597 598 667 commun.
652 599 701 667 lbi
719 599 825 666 incidit
843 598 876 665 in
896 599 1033 668 homiues
1051 623 1200 691 nsanos,

123 727 251 791 quorum
277 701 440 768 daemonas
463 703 536 770 licet
561 703 650 772 inriti
674 703 833 772 verimem
857 702 1118 790 silmaniiestunt,
1147 731 1202 798 par

122 807 262 874 capricis
289 809 325 875 S.
348 808 501 874 Demetrio
526 809 645 898 ingesta
670 809 855 892 damastes,
884 831 953 874 aum
977 809 1076 898 ipsum
1102 811 1201 880 hastis

71 931 75 940 “
122 908 382 989 consumantes.
404 917 567 996 Sarmata)
589 937 684 983 naver
709 938 813 981 omnes
834 915 1084 982 Thessalonicam
1103 917 1200 984 abdu-
1295 927 1299 932 ’

122 1018 221 1084 aiem.
262 1017 380 1098 Quibus
400 1018 513 1086 auditis
534 1019 583 1086 vir
602 1020 682 1107 pius,
702 1019 873 1094 somninmtt
886 1041 1051 1106 vocemque
1067 1022 1252 1098 subitsubit

121 1123 239 1195 hrrnius,
257 1121 459 1208 ιιιιιμΙοιιοιι,
480 1122 639 1190 ιοιῖιιιιιιι
658 1137 757 1191 tamen
778 1145 837 1189 nan
858 1123 1043 1207 discernens,
1064 1127 1201 1216 suspica·

127 1241 192 1304 tor,
213 1225 329 1316 lllyrici
348 1229 532 1312 praelautum
552 1228 703 1296 hominem
723 1251 826 1310 suum,
847 1229 1050 1311 Demetrium,
1069 1231 1202 1317 misisse,

126 1331 179 1417 qui
204 1345 311 1398 nautas
338 1331 549 1397 frumentarios
576 1333 718 1398 suasione
744 1355 799 1398 sua
825 1334 876 1424 rai
901 1333 935 1399 vi
955 1334 1202 1405 Thessalonicam
1242 1397 1245 1402 .

122 1437 265 1504 mitteret.
307 1436 416 1502 Statim
439 1436 640 1524 suspicionem
667 1459 753 1504 suam
780 1435 877 1502 eidem
902 1441 1071 1524 praesecto,
1101 1441 1230 1506 Thes·-

126 1539 291 1606 eulonioam
311 1540 443 1622 tenenti,
464 1563 519 1626 por
537 1540 642 1606 literas
662 1543 775 1629 aparit3
802 1541 872 1607 dein
893 1543 983 1610 etiarn
1003 1545 1204 1638 comiti'hby·

128 1648 207 1712 deno
235 1648 272 1732 (a
300 1647 361 1731 quo'
385 1644 545 1728 timebat),
578 1647 629 1731 qui
648 1657 741 1712 totam
761 1668 823 1712 rem
843 1646 1014 1736 imperatori
1036 1652 1202 1718 denuntiat.

127 1754 156 1819 A
176 1773 237 1836 qun
257 1749 373 1839 lllyrici
392 1748 562 1836 praefectus
580 1750 758 1837 perlitatae
776 1749 956 1838 increpitus,
978 1755 1148 1839 juramento
1169 1767 1202 1823 st

126 1853 311 1936 obstrinxit,
331 1853 478 1934 neminem
498 1877 518 1920 a
538 1877 571 1920 ss
591 1843 714 1920 mistum
734 1853 839 1938 luisse,
860 1856 920 1923 nisi
939 1858 970 1924 in
991 1859 1127 1925 Siciliam
1148 1861 1203 1940 (uh

123 1960 317 2048 frumentum,
338 1971 428 2045 potos
449 1966 589 2026 Amorum
610 1957 688 2024 enim
708 1958 910 2044 sorbebam,
930 1976 964 2027 nt
981 1964 1053 2046 alia,
1074 1968 1204 2047 tacent)5

124 2088 195 2132 eum
221 2085 295 2128 vara
324 2064 449 2128 nendum
475 2086 629 2130 reversum
656 2085 741 2146 esse,
770 2085 827 2130 nec
847 2067 993 2132 Demetrii
1017 2091 1123 2134 nomer
1145 2069 1203 2134 ha·

125 2170 200 2234 here
216 2169 305 2247 (Ah.
325 2169 384 2232 SS.
407 2167 474 2233 bc.
503 2191 569 2255 cap.
584 2169 626 2234 69
637 2170 730 2234 -75.
752 2191 824 2255 pag.
842 2172 902 2236 129
914 2175 1057 2253 -131.).
1086 2175 1203 2240 Eadem

123 2273 294 2364 praefectus
321 2271 436 2337 auctori
457 2263 548 2357 hujus
569 2273 748 2338 narrationis
768 2274 864 2355 dixit,
895 2274 1065 2362 Chiumque
1084 2277 1203 2364 scripsit

125 2375 271 2466 Abydeni
291 2374 409 2446 comitis
429 2373 575 2444 ministro.
626 2375 770 2442 Vidimus
790 2377 909 2465 pristini
929 2379 1015 2462 aevi,
1044 2401 1132 2466 quatu
1153 2381 1204 2446 ‹li-

125 2496 214 2563 cunt,
248 2479 506 2566 superstitionem,
535 2503 572 2546 eo
598 2505 716 2568 quoque
742 2481 861 2547 nomine
887 2482 1091 2571 singularem,
1118 2484 1203 2571 quod

124 2591 158 2652 S.
180 2582 350 2650 Demetrius
373 2584 437 2668 jam
461 2598 523 2649 tum
545 2608 604 2650 non
625 2585 721 2650 solum
742 2606 796 2671 per
815 2588 930 2653 somnia
949 2588 1011 2680 vim
1032 2610 1117 2655 suam
1136 2591 1202 2655 fere

125 2689 259 2756 clivinam
280 2687 457 2771 exercebat,
490 2691 702 2756 verumetiam
723 2705 755 2755 ut
773 2690 985 2758 Dioscurorurn
1005 2717 1083 2758 unua
1103 2693 1203 2760 nanas

123 2781 296 2872 assidebam
325 2795 409 2880 cujus
436 2794 480 2860 rei
505 2795 588 2860 aliud
614 2793 783 2880 exemplum
808 2796 897 2882 paulo
918 2795 1043 2862 inferius
1064 2801 1202 2890 afferam.

122 2893 226 2986 Taceo
255 2897 293 2962 de
320 2899 439 2982 arrhisj
469 2922 544 2985 quas
571 2898 670 2966 nautis
696 2896 806 2963 Chium
833 2899 1056 2986 appellentibus
1076 2906 1203 2994 Byzan-

122 3007 256 3090 titumque
282 3005 452 3090 patentibus
478 3004 517 3070 ab
543 3004 610 3091 ipso
632 3007 667 3068 S.
686 3001 840 3067 Demetrio
867 3003 954 3070 datas
978 2993 1049 3071 essa
1069 3007 1201 3074 narratio

121 3108 275 3198 Anonymi
288 3109 437 3194 perhibet.
471 3108 679 3194 Unusquisque
695 3106 774 3171 enim
789 3110 893 3174 Sancti
908 3133 980 3199 opes
994 3134 1048 3199 par
1061 3111 1202 3199 publicae

123 3213 303 3280 calamitatis
330 3213 517 3279 occasionem
543 3235 562 3277 a
587 3211 705 3277 clericis
725 3211 800 3295 Ejus
825 3213 987 3299 prudenter
1012 3215 1202 3304 humaneque

119 3334 260 3412 erogatas
289 3318 384 3382 fuisse
401 3307 586 3402 ¹intelliget3
623 3339 679 3400 qec
708 3315 797 3400 iacit,
833 3331 865 3382 ut
894 3321 1071 3400 sententiam
1102 3346 1199 3394 meam
1280 3406 1289 3412 ἱ

120 3441 253 3504 mutem,
294 3422 439 3510 praelecti
467 3421 749 3488 Thessalonicensis
781 3425 992 3509 jusjurandum
1026 3425 1201 3512 imperaturi

120 3527 265 3594 delatum.
306 3526 374 3591 Alia
394 3527 524 3592 licebant
544 3526 625 3604 [viris
640 3527 763 3608 sanatis,
786 3529 856 3594 licet
878 3529 945 3594 urhi
965 3530 1067 3614 regiae
1087 3530 1200 3596 victura

119 3623 366 3697 abstrahentibus
378 3625 582 3713 (frumentum,
603 3630 712 3696 Dhium
730 3631 858 3696 insulam
877 3647 1125 3719 praeterveetum,
1147 3655 1200 3698 ur·

119 3733 169 3800 bis
191 3733 293 3820 regiae
311 3737 410 3818 erat);
449 3735 510 3802 alia
539 3734 683 3801 secularis
712 3733 979 3814 administrationis
1005 3725 1198 3819 horninibus,

121 3839 174 3932 qui
196 3863 213 3904 e
231 3837 336 3904 Sicilia
356 3853 471 3904 remota
491 3839 807 3906 Thessalonicensium
827 3865 949 3909 suorum
969 3853 1198 3927 mnonaeffpro·
1333 3904 1338 3914 ,

118 3945 236 4031 spicere
256 3942 451 4027 jubebantur.
492 3943 722 4012 Liberalissime
743 3968 815 4014 vero
837 3947 1124 4014 Thessalonicenses
1144 3967 1200 4014 aa·⁴

118 4049 189 4118 orrlo
209 4047 405 4132 tonnano,
425 4062 513 4138 capta
532 4071 587 4137 por
605 4052 792 4118 Nornsnnes
811 4049 904 4137 orbs,
925 4049 1060 4135 ejusdem
1078 4051 1113 4116 S.
1130 4053 1195 4116 Du-
