2874 4776
485 460 489 474 '
538 469 781 522 reserasse.
833 521 839 544 ,
1081 523 1084 532 ,
1164 441 1202 532 ‘5-

117 624 248 705 s'iaum
258 616 528 702 rhenonum
548 621 758 706 habitantes
779 649 898 730 regno
917 649 987 704 suo
1005 623 1201 733 subjicere

98 755 260 851 ‚Pouet
874 749 877 758 ·

123 933 128 942 '
211 921 280 1003 list
302 921 397 998 haec
425 946 472 998 ca
495 921 862 1019 Thessalonicensis,
901 921 1020 998 immo
1042 923 1195 1022 Byzan-

115 1049 226 1125 linae·
245 1042 422 1123 historiae
454 1071 566 1146 pars,
607 1049 673 1122 ubi
712 1073 841 1126 rerum
877 1049 1028 1126 illarum
1064 1045 1195 1124 coaevi

121 1175 321 1272 scriptores
345 1170 501 1267 Graeci,
526 1172 632 1270 typis
662 1174 806 1249 dudum
832 1174 1014 1276 evulgati,
1043 1181 1196 1274 praeter

94 1287 343 1395 ¹Byzantium
371 1321 483 1371 suum
509 1295 603 1370 nihil
627 1297 871 1386 admirantes,
902 1307 1071 1374 ceterum
1097 1296 1195 1371 futili

115 1423 350 1519 molestaque
372 1420 671 1520 breviloquentia
693 1423 924 1519 laborantes,
949 1425 1103 1499 landem
1126 1421 1197 1496 nli-o

114 1548 268 1646 quando
291 1552 442 1620 nostrae
464 1547 569 1621 urbis
594 1571 735 1622 nomen
765 1557 804 1625 et
832 1549 1057 1624 memoriam
1084 1571 1197 1622 roco*

116 1673 219 1766 lunt3
244 1671 352 1775 cujus
374 1669 553 1746 lortitmlo
576 1679 722 1748 tantum
746 1667 940 1768 effecerat,
965 1681 1007 1748 ut
1029 1673 1197 1770 impera*
1231 1763 1232 1770 ἵ

81 1799 90 1810 ’
116 1807 178 1874 tor
193 1798 360 1876 Graecus
383 1807 494 1878 extra
514 1801 699 1876 cancellos
719 1801 819 1874 muri
840 1799 1071 1874 anastasiani
1096 1797 1197 1871 limi·

116 1932 176 1998 tes
192 1923 299 2023 regni
312 1924 528 2022 Europaeos
543 1932 798 2024 promoveret,
824 1933 938 2032 atque
956 1948 1061 1999 oram
1079 1921 1195 1998 maris

114 2047 255 2149 Aegaei
279 2048 513 2146 proximam,
539 2047 611 2122 nisi
633 2048 727 2146 alia,
751 2053 1009 2148 recuperaret.

141 2221 146 2242 ¹
212 2211 430 2310 Insequenti
458 2233 555 2289 nevo
581 2213 734 2309 (seculo
755 2208 856 2304 vm)
884 2213 1014 2291 evenit
1034 2209 1192 2288 rebellio

111 2307 379 2415 sclavinorum
401 2335 754 2434 Macedonicorum,
786 2336 939 2412 Graecis
966 2337 1194 2436 parentium.
1325 2344 1326 2348 ’

113 2463 193 2538 Sed
217 2461 290 2536 init
314 2485 361 2548 ea
383 2461 492 2539 brevi
514 2484 707 2560 repressa,
745 2461 848 2536 unde
873 2458 1015 2536 factum
1043 2468 1118 2557 est,
1151 2468 1195 2535 ut

55 2671 65 2678 5
112 2586 265 2682 Graeci,
299 2585 495 2662 Stauracio
517 2588 635 2683 duce,
665 2584 900 2664 Thessaliam
925 2608 1077 2684 quoque
1103 2609 1193 2661 oum

108 2711 255 2812 reliqua
284 2710 440 2786 Graecia
469 2711 613 2788 intrare
642 2711 745 2805 ausi,
786 2708 1001 2807 Sclavinos,
1040 2709 1191 2786 illarmn

111 2845 304 2913 terrarum
328 2837 522 2936 dominos,
549 2836 802 2914 debellarent-1

208 3001 429 3078 Macedonia
457 2999 627 3096 Slavioa,
666 2999 767 3074 circa
791 3023 933 3074 annum
956 2993 1094 3076 Glirisli
1114 2999 1193 3076 688

111 3153 139 3204 a
163 3127 318 3203 Graecis
343 3133 582 3224 recuperata,
614 3128 765 3225 quando
788 3125 990 3226 imperium
1008 3124 1195 3212 ecclesiae

110 3232 279 3327 Graecae
301 3250 477 3345 subierit,
501 3252 669 3324 nondum
692 3250 834 3327 inveni.
883 3251 1047 3366 Vestigia
1075 3275 1193 3350 quae·
1332 3313 1334 3319 ,

110 3375 199 3450 (lam
228 3380 269 3448 et
295 3359 451 3448 semina
467 3373 555 3447 fidei
580 3374 834 3470 Christianae,
879 3375 921 3450 in
948 3375 1094 3450 animis¹
1109 3376 1194 3450 illo-

108 3501 198 3572 r'um
222 3498 470 3572 barbarorum
492 3498 723 3596 pullulantis,
755 3506 882 3574 nosira
906 3501 1088 3574 bellorum
1110 3499 1196 3574 Sla-

105 3621 301 3714 vioorum,
326 3644 403 3700 see.
417 3646 475 3698 vr.
491 3646 565 3714 vir.
589 3631 793 3725 gestorum,
819 3623 971 3700 historia
995 3623 1193 3698 monstrat.

207 3785 472 3864 Sclavinorum
483 3759 813 3863 Macedonicorum
823 3790 872 3865 ad
885 3788 1000 3863 iidem
1013 3785 1192 3864 Christis·
1219 3855 1222 3870 s

75 3952 78 3964 ·
107 3935 201 3985 nam
220 3911 419 3988 conversio
440 3910 602 3986 multum
623 3911 822 3989 conciliare
840 3914 992 3992 videtur
1011 3913 1061 3988 ad
1082 3912 1194 4012 regni

97 4034 246 4111 ,Graeci
260 4035 442 4118 salutem.
491 4035 548 4116 lta
570 4035 645 4115 fine
667 4039 785 4117 seculi
803 4065 860 4117 rx.
883 4039 1024 4118 factum
1048 4044 1124 4135 ast,
1151 4045 1193 4111 ut
