2890 4774
90 441 159 536 ια]
306 463 559 529 ενετετττιυε
585 463 988 520 νεετεεειουιοπυειε.
1091 448 1167 522 413

96 624 187 687 δοντα
204 612 471 703 κατερεύξεσθαι·
493 611 554 683 ούκ
570 605 632 701 εἶχε
646 617 679 682 δὲ
691 621 789 683 τοῦτο
804 623 920 686 ποιεῖν,
939 613 1021 684 Ἀλλ’
1039 617 1058 687 6
1074 623 1172 706 βασι-

94 723 183 804 λικός
196 722 311 817 φόβος,
331 715 395 798 ίίοα,
406 728 462 792 καὶ
476 720 595 801 σκότος
612 720 737 808 βαθύς,
752 727 958 812 ἐπίπροσθεν
971 731 1100 796 πίπτειν
1116 731 1175 817 τῆς

94 829 217 927 ὅψεως,
248 830 364 901 όποίον
390 828 430 918 δή
452 857 484 899 τι
508 828 643 918 πάσχειν
662 835 718 897 καί
737 842 805 908 τοῖς
828 834 1021 921 βαρυτέροις
1043 831 1174 924 κήτεσιν

94 942 212 1038 ἔπεισι,
240 943 347 1040 μένειν
364 935 423 1008 τόν
439 941 534 1025 θῆρα
555 944 606 1008 ἐπὶ
627 941 691 1004 τῶν
710 933 833 1007 οἰκείων
852 933 950 1024 ἠθῶν
965 940 1174 1029 κατηνάγκα·

95 1053 159 1133 ζεν,
196 1045 285 1117 Ἀλλ’
313 1047 367 1118 ὅτε
386 1071 451 1115 που
475 1047 612 1136 ἔναγχος
633 1044 876 1128 ἀνασαλενδείη
901 1052 934 1112 ἐκ
959 1053 1017 1135 τῆς
1036 1051 1176 1140 ἑσπέρας

95 1156 159 1229 ὑπὸ
181 1153 306 1250 ὁδηγῷ,
334 1162 375 1252 τῇ
401 1150 530 1240 ἀγεννεῖ
549 1147 750 1240 θρασύτητι,
779 1151 877 1224 καθά
898 1180 964 1224 που
986 1163 1040 1224 καί
1063 1155 1082 1226 6
1105 1166 1178 1228 θοι-

95 1261 232 1343 λάσοιος
257 1262 330 1351 θὴρ
356 1259 500 1351 ἡγεμόνα
522 1257 742 1348 προβάλλεται
762 1263 823 1329 τοῦ
841 1265 951 1332 πλέειν
971 1260 1125 1353 ι’χδύδιόν
1145 1292 1177 1338 τι

96 1371 318 1466 φαυλότατον,
334 1372 484 1464 ίπέφριξε
496 1375 557 1456 μέν
572 1393 663 1449 τινας
679 1371 828 1457 φολίδας,
845 1377 1084 1461 προϊσχομένας
1095 1368 1177 1442 ναυ·
1260 1454 1265 1461 .

95 1482 245 1568 μαγικῶν
264 1477 373 1547 όπλαν
394 1473 629 1568 προβλήματα,
657 1481 713 1544 καί
734 1501 766 1544 τι
784 1479 843 1560 τῆς
863 1483 985 1572 λοφιᾶς
1006 1483 1177 1573 ἐξέφηνεν,

96 1583 275 1672 ἀνακύψας
288 1581 509 1677 θρασύτερον,
531 1589 587 1653 καὶ
602 1585 661 1662 τῆς
675 1585 930 1679 κυματοτρόφου
946 1586 1177 1677 κατεχόρευσεν

99 1691 146 1772 εἰς
163 1692 271 1774 κενὸν,
293 1683 350 1762 καί
364 1721 430 1763 που
447 1700 502 1762 καλ
521 1691 566 1772 είς
583 1689 774 1775 ἀλαζονείαν
790 1692 865 1762 τινά
885 1692 1070 1788 όξεφύσησε.
1106 1702 1179 1767 Με-

99 1799 183 1889 κρὸν
199 1805 233 1869 δὲ
249 1793 327 1870 ὅσον
345 1796 362 1868 6
379 1808 441 1888 μὲν
458 1797 584 1888 ἡγεμὼν
604 1803 663 1888 τῆς
679 1802 772 1882 ὁδοῦ,
793 1799 832 1868 τό
852 1805 1016 1896 ποδηγούν
1034 1804 1177 1891 θράσοςς
1211 1814 1224 1820 “

98 1903 268 1998 ἀπῆλθεν·
291 1905 309 1978 6
328 1915 364 1978 δὲ
382 1917 441 1996 τῆς
457 1913 575 1988 δειλίας
590 1907 707 1987 σκότος
723 1908 970 1997 άντεγτεισῆλδε,
989 1915 1044 1977 καλ
1061 1909 1178 1997 βαθύ.

99 2043 192 2108 τερον
213 2019 477 2099 ἐπισκεδασίλείς,
504 2014 730 2104 ἀνακάμπτειν
752 2020 873 2085 ἐκείνου
888 2017 1076 2099 πεποίηκεν,
1101 2015 1178 2089 οὔτε

101 2109 207 2213 όγριις
233 2121 512 2220 προσαψάμενον,
541 2131 597 2193 καὶ
624 2125 698 2194 οὐδὲ
725 2119 1007 2194 άποκαταστάντα
1033 2132 1103 2207 τοῖς
1130 2135 1180 2196 ολ-

101 2239 195 2313 κείυις
228 2232 350 2323 ἤθεσιν
374 2231 427 2311 εἰς’
444 2229 641 2322 ὁλόκληρον,
675 2225 724 2312 οἷς
752 2241 904 2322 ἐνταῦθα
934 2230 1028 2302 κάκεί
1049 2258 1179 2324 προσα-

99 2341 300 2431 ρασσόμενος
320 2342 493 2412 λκολούετο.
533 2344 572 2410 Τι’
589 2341 639 2430 δὴ,
655 2329 680 2410 ὦ
695 2339 863 2432 παρόντες,
885 2340 923 2411 τὸ
939 2342 1061 2428 θηρίον
1080 2351 1179 2412 ἐκεῖνο

97 2448 213 2520 πάθοι
229 2447 289 2534 όίν,
311 2444 415 2527 ούτιις
434 2451 466 2532 ἐξ
485 2451 604 2518 ἑαυτοῦ
619 2449 747 2538 πάσχον
765 2459 885 2532 κακῶς,
909 2443 958 2528 οἷς
976 2451 1180 2535 δειλαίνεται,

98 2553 130 2626 εί
145 2563 201 2625 καί
223 2557 266 2626 τά
291 2553 431 2641 ἐξὴμῶν
453 2555 810 2646 προσεπιτεδηοονταις
832 2547 888 2626 Ἦ
902 2555 1034 2637 πάντας
1051 2561 1179 2644 Αἴτνης

98 2675 211 2757 ἑτέρας
235 2670 389 2756 ἐγχωρίου
410 2663 569 2752 δεήσειεν,
596 2659 655 2756 ὑφ’
679 2659 719 2748 ἣν
738 2665 777 2733 τό
800 2661 975 2758 Ίυφάνιον
1003 2671 1100 2733 τοῦτο
1121 2691 1180 2736 πε-

99 2782 207 2844 σεῖται
233 2771 359 2843 κακόν..
385 2769 466 2841 Ἀλλ’
493 2780 593 2840 ἐκεῖνο
615 2780 677 2858 μίν
697 2766 752 2842 ὅτι
771 2776 933 2854 πιίσεται,
959 2769 1080 2854 διδάξει
1105 2799 1181 2844 και-

102 2881 177 2973 ρὸς,
199 2886 255 2948 καί
274 2877 353 2965 ἡμῖν
372 2869 641 2973 άφορμάςδάοει
662 2875 762 2965 λόγου
780 2881 903 2950 πολλοῦ
922 2903 957 2949 τε
973 2883 1030 2948 καὶ
1046 2883 1160 2949 καλοῦ.

110 3013 114 3022 ’
186 2990 238 3057 11.
273 2980 354 3074 Ἐγὼ
371 2991 406 3056 δὲ
423 2985 664 3076 προοεπιπλέξιι
682 2984 810 3068 τούτοις
829 2993 884 3058 καλ
902 2985 984 3056 άλλο
1002 2985 1185 3075 θαύματος
1227 3003 1228 3010 ’

102 3096 214 3182 ἄξιον,
235 3091 296 3176 τάς
316 3096 445 3186 μακράς
461 3097 544 3178 νῆας
563 3095 698 3176 ὲκείνας,
719 3087 761 3173 δίς
777 3091 867 3164 οίιπει
886 3097 1051 3174 παντελῶς
1070 3100 1185 3183 πέρυσι

101 3210 158 3276 καί
175 3207 332 3293 λαμπρῶς
351 3209 548 3291 ἐσταλμένας
564 3201 581 3271 6
597 3197 676 3270 καθ’
698 3201 787 3289 ἡμᾶς
804 3201 960 3290 πορθμός
980 3203 1187 3272 ἐστολίσατο.

102 3315 173 3380 Καὶ
202 3310 301 3390 αὐτὸς
328 3318 388 3397 μὲν
415 3309 460 3392 είς
488 3307 635 3398 γαλήνην
659 3313 883 3398 διακεχυμένος
907 3311 1109 3400 ὑπέστρωτο·
1148 3315 1185 3380 αλ
1225 3339 1229 3345 ·

103 3425 140 3488 δὲ
160 3419 320 3507 πυῤῥίχην
339 3411 410 3486 οἷον
432 3420 648 3507 λπιιρχοῦντο,
678 3423 734 3485 καὶ
752 3425 798 3498 είς
822 3414 946 3509 ῥόθιον
969 3415 1184 3506 ἐλαυνόμεναι
1210 3407 1214 3426 ’

103 3531 191 3616 μέγα
219 3523 368 3612 ἑξάχουν,
396 3529 453 3592 καὶ
477 3525 604 3618 φόβους
633 3523 821 3605 ἐκελάδουν,
850 3520 901 3604 οἷς
924 3527 960 3593 ἐν
978 3527 1082 3614 καιρῷ
1104 3525 1183 3604 τούς

92 3634 276 3734 Ιπολεμιόυς
297 3628 569 3726 άναχωρεάσουοι.
610 3631 776 3721 Μετρῆσυι
793 3638 849 3703 καὶ
864 3630 902 3702 τό
922 3637 1054 3716 πλῆθος
1068 3632 1185 3712 οιίιταῖς

105 3742 149 3821 ὥς
170 3737 362 3823 ἀμύθητον,
391 3748 425 3808 ἐν
445 3742 662 3825 ἱππαγωγοῖς,
692 3744 730 3808 ἐν
749 3737 927 3828 δρόμωσιν,
951 3741 988 3807 ἐν
1006 3737 1182 3829 τριήρεσιν,
1294 3825 1301 3836 .

105 3853 141 3918 ἐν
158 3846 270 3954 ύλλοις
288 3850 470 3930 ναυπηγίας
486 3847 593 3915 εἴδεσι.
633 3851 702 3917 Καὶ
719 3848 813 3918 ἔσται
828 3855 888 3934 μὲν
903 3847 1015 3928 αὐτοῖς
1032 3853 1087 3916 καὶ
1105 3852 1186 3916 ταύ-
1222 3901 1230 3922 ,

106 3983 152 4025 τα
173 3960 208 4024 ίν
224 3952 387 4040 θαύματι.
425 3949 465 4021 ‘0
481 3957 516 4020 δὲ
533 3952 648 4040 καιρός
664 3960 717 4023 καί
737 3954 782 4036 είς
803 3959 898 4024 πλέον
917 3957 1057 4035 ἐκείνους
1072 3951 1188 4039 λκπλή·

109 4065 157 4150 ξει
180 4060 377 4151 μαθόντας,
410 4055 453 4140 ὦς
480 4065 565 4150 χθὲς
588 4069 649 4150 μὲν
674 4065 735 4144 τὰς
760 4060 937 4153 πολεμικάς
960 4067 1044 4154 νῆας
1067 4061 1190 4144 ἐκείνας
