2888 4776
114 440 118 451 “
235 431 289 512 dd
559 461 562 468 ·
667 411 889 510 otoucasrs.
1217 437 1323 531 [car.

238 610 359 698 gentem
377 593 479 674 tamen
496 601 680 694 reliquorum
695 606 785 674 droul
799 587 895 672 medii
910 606 983 674 aeri
997 609 1212 692 monachorum
1226 612 1326 680 Grae}

238 739 339 782 cumn
362 714 524 800 imaginem
549 729 704 801 praestare
727 711 860 778 videtur.
881 715 932 794 ⁸²)
974 714 1034 779 nir
1058 716 1153 802 copiis
1177 719 1342 798 amatum

237 821 393 886 domorum
408 819 723 885 Thessalonicensium
744 819 858 906 scripta
878 820 1027 907 quaedam
1046 818 1172 906 inedita,
1194 823 1235 890 de
1253 823 1325 910 qui·

239 923 297 990 bus
317 947 350 994 v.
371 924 470 992 Micb.
490 927 568 1010 Leq.
590 924 614 993 Ι.
634 947 662 991 c.
685 923 810 1012 passim.
1222 945 1227 956 ·

241 1162 247 1170 .
304 1108 467 1178 .Vidimns
491 1121 594 1174 notam
618 1110 777 1176 monacbis
796 1107 1005 1176 Macedonicis
1023 1129 1043 1172 a
1062 1108 1203 1194 praesule
1223 1107 1326 1173 Tbes·

236 1213 417 1282 salonicensi
441 1215 584 1281 inustam.
624 1214 728 1300 Magis
754 1216 921 1283 honorifica
941 1216 980 1280 de
1000 1214 1058 1294 iis,
1088 1237 1144 1300 seu
1163 1213 1263 1302 potius
1284 1215 1323 1278 de

236 1322 316 1387 ciero
338 1316 621 1398 Thessalonicenai,
651 1335 805 1406 praestant
831 1321 965 1407 ejusdem
992 1317 1125 1384 civitatis
1146 1316 1324 1407 panegyrici

236 1425 416 1514 scriptores,
437 1423 624 1504 Cameniata,
645 1416 816 1489 Demetrius
833 1423 1002 1514 Cydonius,
1022 1425 1156 1487 ioannes
1176 1429 1321 1506 Anagnu-

233 1547 293 1597 ata.
334 1529 363 1594 li
381 1527 471 1610 cuim,
492 1525 729 1593 Thessalonicae
741 1527 909 1595 infortunia
924 1527 1127 1612 deplorantes,
1149 1524 1237 1590 multi
1251 1539 1323 1592 aunt

234 1633 266 1700 in
281 1633 434 1698 laudando
451 1632 518 1718 ejus
535 1633 633 1712 ciero3
654 1633 740 1716 cujus
757 1655 813 1697 nec
827 1656 886 1718 ego
903 1629 1052 1718 capitibus
1071 1629 1237 1694 nitentibus
1256 1653 1321 1694 om·

143 1807 148 1816 1
234 1760 304 1803 uem
321 1737 421 1802 laudis
437 1737 614 1824 particulam
632 1737 828 1803 detraxerim.
859 1735 987 1800 Accedit
1002 1733 1192 1822 Nicephorum
1206 1732 1323 1799 (ibum-
1363 1812 1372 1828 Ι

234 1863 308 1920 uus,
342 1861 401 1925 quo
431 1841 553 1927 saepius
581 1841 691 1907 utimur
718 1843 750 1908 in
779 1841 839 1906 bac
863 1839 1074 1906 dissertatione
1102 1837 1320 1925 geographica.

188 1989 191 1994 -
233 1941 386 2029 Imprimis
406 1943 590 2010 Cameniata'
608 1945 647 2010 ad
670 1969 781 2012 annum
800 1944 1209 2032 9⁰4(rap.1⁰)musicsm
1231 1942 1323 2009 cleri·

235 2072 337 2114 corum
358 2047 674 2114 Thessalonicensium
695 2051 900 2137 maximopere
919 2049 1108 2137 praedicar.
1123 2047 1196 2116 coll.
1217 2047 1323 2114 Titna-

231 2155 330 2237 rione„
349 2179 437 2241 quem
452 2159 577 2224 afferam
593 2155 625 2221 iu
641 2153 804 2222 Demetriis
820 2143 1166 2222 Thessalonicensibur.'
1195 2153 1323 2222 Accedit

225 2258 312 2346 apud
333 2258 462 2324 eundem
477 2259 684 2326 comeniatam
698 2259 775 2324 ibid.
791 2255 985 2324 ecclesiarum
1001 2258 1231 2345 praecipuarum
1244 2281 1323 2323 unu·

233 2361 371 2447 meratio,
390 2367 549 2448 sectorum,
571 2353 746 2428 clericorem
760 2385 985 2428 numerosorum
1001 2361 1099 2427 omnis
1113 2361 1235 2448 generis
1250 2362 1321 2428 lau·

234 2465 330 2533 datio.
371 2468 546 2534 Demetrius
566 2464 724 2556 cydonius
745 2465 901 2544 (monodia
921 2488 988 2553 cap.
1008 2468 1056 2550 3.)
1084 2469 1123 2533 da
1148 2467 1233 2533 urbis
1253 2469 1322 2556 pie·

233 2567 313 2654 tate,
340 2573 485 2639 festorum
504 2591 717 2656 ramorumque
736 2568 928 2638 multitudine
948 2573 1046 2642 rerba
1064 2573 1149 2641 sacia
1189 2575 1322 2656 Similia,
1428 2627 1429 2632 1

268 2878 314 2943 δ’)
338 2875 444 2933 Merita
470 2879 630 2935 eorundem
649 2894 750 2934 mona·
798 2895 874 2950 pean
891 2880 948 2934 and
963 2878 1075 2938 Asiatic
1089 2881 1222 2956 ankey.
1242 2885 1320 2937 Lon-

232 2959 352 3016 cltorum
372 2961 448 3017 circa
464 2963 666 3036 agriculturam
683 2967 750 3019 Ma·
799 2963 859 3020 din.
879 2967 957 3020 1817.
984 2981 1051 3038 pag.
1071 2969 1220 3024 tao-2³2.
1252 2944 1320 3024 bib-

232 3044 399 3100 cedonicam
420 3045 450 3100 in
475 3047 537 3119 agri
558 3048 749 3104 Thessaloni·
798 3051 894 3122 thorp.
919 3069 966 3122 ap.
990 3053 1166 3123 Waipoiirrm
1193 3053 1225 3108 in
1244 3055 1320 3110 Tra·

232 3129 330 3185 censis
366 3129 559 3203 descriptione
593 3133 748 3205 attingam,
798 3137 860 3190 reia
877 3134 909 3189 iu
926 3134 1041 3192 various
1060 3137 1205 3194 conutries
1223 3140 1260 3194 of
1271 3141 1321 3194 the

231 3213 451 3272 noii.linatsthio
464 3219 654 3288 modernam,
666 3218 749 3286 cujus
798 3227 871 3275 east.
890 3221 1013 3276 Lonoin.
1034 3223 1111 3278 lato.
1139 3241 1169 3294 p.
1187 3225 1318 3279 aa-tl.

231 3305 367 3356 tractatus
393 3303 550 3356 monachos
579 3304 750 3358 Macedoni·
797 3309 870 3362 cum
887 3306 934 3361 his
954 3307 1084 3362 conferas
1103 3305 1176 3364 alica
1193 3307 1319 3381 scripto-

231 3399 280 3440 cos
306 3401 323 3438 a
345 3392 426 3455 parte
452 3375 661 3460 agrimrlturae,
691 3405 750 3444 nou
797 3405 857 3461 res,
878 3393 990 3447 duobus
1007 3391 1135 3448 tribusve
1146 3395 1255 3452 seculis
1267 3411 1320 3451 an·

230 3468 379 3524 iiten-arum
406 3469 521 3542 maguis
545 3475 678 3529 laudibus
697 3491 749 3529 ex·
796 3475 955 3547 tiquiores‚
990 3476 1101 3533 scilicet
1123 3483 1319 3536 liondeimcn·

229 3554 314 3611 toltit.
347 3559 393 3609 De
417 3555 568 3626 monachis
594 3563 624 3613 et
647 3575 749 3615 mona·
796 3560 869 3617 tium
885 3561 922 3615 de
938 3560 1043 3618 insulis
1061 3563 1239 3638 archipeiagi
1255 3585 1320 3638 cap.

230 3638 328 3694 steriia
359 3637 465 3694 montis
491 3643 567 3696 Atho
597 3642 750 3699 rideantur
796 3647 840 3703 7⁰.
869 3647 930 3712 (ed.
954 3645 1107 3715 Sinuer.);
1137 3649 1246 3708 deiude
1263 3657 1320 3708 Pc-

228 3723 388 3796 imprimis:
409 3727 534 3781 loannes
542 3730 707 3784 Comrrenus
717 3729 748 3785 in
797 3741 874 3787 trum
883 3729 1034 3787 Beleniom
1047 3731 1317 3811 inobservatam

230 3810 367 3880 descript.
387 3808 495 3865 montis
520 3813 595 3867 Atho
618 3816 667 3878 (ad
690 3815 748 3869 cal·
796 3815 1319 3894 aa-tt.rt³aris.1555).1tecpme-

229 3911 293 3951 cem
320 3895 480 3950 Moutfeuc.
505 3899 648 3970 palaeogr.
676 3915 744 3970 pag,
796 3901 998 3958 termittendus
1018 3907 1115 3957 tamen
1133 3904 1318 3980 Nicephorius

228 3981 281 4036 4³3
303 3983 395 4051 mm).
431 3985 481 4036 Dr.
505 3984 586 4034 num
609 3980 640 4036 in
664 3985 747 4039 Wal-
797 3990 940 4058 cregoras
966 3983 1068 4042 histor.
1087 3989 1139 4062 lt,
1160 3995 1188 4047 7.
1214 3993 1318 4066 ibique

227 4063 300 4136 polii
316 4063 455 4122 meracius
471 4064 595 4138 wintine
610 4073 640 4124 to
654 4073 746 4127 liuto·
795 4071 908 4129 Bciriu.
