2890 4774
90 402 156 497 m]
288 424 541 481 τυετκταιυε
566 355 971 488 τάτεεειοττιττιαείε.
1091 399 1167 475 417

89 580 217 661 σκδτος,
244 583 305 666 τῆς
331 580 395 646 τῶν
421 574 607 648 διωκόντων
635 575 842 662 ἐπίπροσθεν
859 578 1034 661 τιθέμενος
1050 569 1172 668 ὄψεως,

89 685 209 776 ῆγοντο
232 685 407 774 ἀνδρικῶς,
428 691 484 756 καλ
497 691 548 766 είς
566 682 644 754 ὁδὸν
663 685 953 772 έχειραγωγοῦντο,
975 689 1033 750 καί
1047 687 1170 772 δίίβαι-

88 820 144 863 νον
164 795 334 888 ἀσφαλῶς.
371 795 446 864 Ὅτι
465 799 500 863 δὲ
516 791 749 886 θαρῥῆσοιντες
768 792 893 868 ἑαυτοῖς
915 787 1093 877 έμὸνασαν,
1114 797 1171 861 καὶ

87 901 184 972 ὀιαῦ
213 904 321 994 ρωτός
347 903 466 982 στάλας
491 899 550 974 οάιι
577 893 630 987 ῆν,
661 904 714 968 καί
744 896 764 983 ἡ
790 902 905 990 νεφέλη
927 899 1032 986 ἀπῆν,
1061 897 1171 972 οὐκέτι

87 1009 297 1099 πορευόμενοι
320 1004 528 1099 ἐπορεύοντο,
551 1006 635 1076 ἀλλά
657 1008 709 1088 (τὸ
731 1007 801 1094 ἑξῆς
823 1009 881 1094 τῆς
901 1003 1004 1101 ᾠδῆς)
1026 1014 1166 1095 ἔκλαιον,

84 1125 136 1187 καί
165 1119 225 1196 (τὸ
251 1117 421 1204 ἀνάπαλιν
448 1125 507 1206 τῆς
533 1111 640 1202 ᾠδῆς)
668 1113 864 1203 βαλλόμενοι
893 1113 1049 1203 πτώμασι
1073 1131 1168 1189 καττ-

85 1224 297 1314 στρώνννντο,
318 1233 372 1294 καὶ
393 1229 451 1313 τῆς
473 1229 532 1314 σῆς
548 1225 606 1306 ἔξω
618 1226 738 1305 σκέπης
750 1213 928 1312 γενόμενοι,
950 1229 1167 1317 αἴθριοετοῖς

84 1344 194 1415 κακοῖς
214 1335 390 1416 ἐξέκειντο,
416 1339 471 1402 καὶ
492 1335 708 1422 έχαλαζοῦντο
729 1337 797 1411 τοῖς
815 1335 936 1418 βέλεσι,
960 1337 1015 1401 καὶ
1034 1333 1167 1422 γάοεσιν

84 1438 235 1526 άιμάτων
264 1440 522 1530 καταρρεόμενοι
543 1437 786 1528 παρεσάροντο,
818 1438 970 1527 περίοδόν
992 1465 1067 1511 τινα
1087 1449 1165 1513 δνσ·

80 1553 161 1637 τνχῆ
191 1548 314 1634 ταύτην
340 1550 399 1618 οάκ
429 1550 462 1631 ἐξ
488 1545 681 1637 ἀλλοτρίων,
711 1545 797 1616 ἀλλά
828 1555 992 1637 προσγενῆ
1013 1553 1162 1639 δνσπρα.

84 1655 263 1743 γῆσαντες·
304 1650 328 1745 ῆ
353 1684 403 1738 τις
430 1665 509 1727 ποτὲ
535 1663 605 1738 τοῖς
625 1654 800 1744 προγόνοις
818 1651 957 1736 Ἰταλοῖς
977 1663 1151 1730 συνέπεσεν

82 1759 138 1833 ὅτε
159 1763 197 1835 τὸ
218 1763 339 1853 κράτος
358 1774 417 1853 τῆς
433 1761 603 1852 Ῥωμαίων
623 1762 777 1848 ίζιίννυτο
798 1770 859 1849 γῆν
884 1763 923 1832 τὸ
943 1767 1066 1854 θαῦμα
1098 1775 1163 1838 τῶν

81 1875 262 1958 βασιλέων,
285 1868 303 1940 ὁ
325 1878 431 1960 μέγας
449 1869 597 1955 Ἀλίξιος

163 1981 216 2047 15.
246 1981 346 2049 Ἀλλά
376 1984 407 2049 τί
426 2007 484 2067 μοι
508 1977 589 2066 πρὸς
611 1977 649 2047 τὰ
671 1985 730 2048 τοῦ
745 1974 885 2062 Ἀλεξίου
908 1977 1016 2069 ὄνομα
1037 1983 1098 2064 τάς
1118 1981 1160 2053 ἀ.

81 2086 159 2170 κοάς
186 2087 425 2179 παραβάλλεις,
454 2076 480 2156 ὦ
500 2086 676 2180 πορφύρας
696 2092 832 2173 βλαστέ,
863 2084 971 2172 ὀξεῖαν
994 2086 1098 2180 ἀκοῆν
1118 2088 1162 2158 ἀ-

81 2199 198 2266 νυστῶν
217 2197 299 2286 πρὸς
318 2197 378 2279 τὴν
395 2195 567 2284 βασιλικὴν
583 2196 710 2279 ταύτην
724 2196 848 2288 ᾳωνῆν,
868 2203 924 2288 καί
941 2199 987 2283 τῷ
1005 2199 1159 2294 γνωρίμῳ

76 2305 280 2396 χαίρων-τῆς
299 2302 459 2393 κλῆσεωςς
494 2301 599 2393 Χαῖρε
617 2311 679 2391 μὲν
697 2309 751 2373 καλ
775 2302 878 2390 τούτῳ
897 2311 944 2398 τῷ
965 2329 999 2372 τε
1017 2300 1160 2391 ὀνόματί

77 2413 124 2496 τῷ
146 2437 182 2479 τε
202 2409 387 2500 πράγματι,
415 2417 471 2481 καί
491 2409 535 2492 εἰς
554 2409 723 2498 παππῴαν
747 2412 928 2499 ὁμοιότητα
953 2416 1093 2484 σεαντδν
1117 2417 1159 2485 ἀ·
1227 2411 1229 2420 ’

56 2510 249 2606 ναβίβαζε·
294 2520 332 2588 τὸ
352 2525 386 2589 δέ
405 2521 488 2604 πᾶν,
516 2523 703 2604 εξεικονίζου
729 2518 811 2609 πρὸς
832 2520 893 2600 τάς
917 2523 977 2590 τοῦ
997 2526 1159 2607 βασιλέως

72 2625 203 2715 πατρὸς
224 2625 356 2712 ἀρετάς.
395 2627 522 2707 Γλυκίις
541 2627 559 2696 ὁ
576 2632 681 2714 μέγας
701 2629 817 2706 ἐκεῖνος
834 2623 989 2709 Ἀλίξιος,
1020 2635 1075 2697 καί
1099 2629 1158 2720 ζῆ.-

70 2738 133 2802 λου
162 2730 265 2813 ἀξιος.
315 2735 470 2824 Χαρίτων
495 2733 619 2822 πλῆρης
663 2730 683 2804 ἀ
712 2733 862 2823 ἀοίδιμος
888 2733 1040 2818 πάππος,
1074 2735 1158 2808 ἀέν
1199 2747 1201 2751 ’

69 2842 243 2931 βασιλεῦσι
262 2843 464 2931 περίκλντος,
485 2847 541 2908 καί
562 2834 631 2920 οἷος
649 2844 834 2924 ζηλοῦσθαι
851 2847 919 2921 τοῖς
939 2847 1074 2913 θέλουσι
1096 2873 1156 2915 τυ·

69 2951 228 3018 ποῦσθαι
254 2947 339 3034 πρὸς
363 2951 530 3034 βασιλείας
553 2947 732 3038 ἀκρίβειαν.
770 2945 858 3019 Ἀλλ’
883 2947 901 3019 ὁ
926 2953 1036 3042 πατῆρ
1063 2952 1152 3044 ἀκροε

72 3053 253 3145 γλυκύτης,
277 3053 376 3145 χάρις
402 3053 606 3146 αὐτόχρημα.
652 3059 692 3125 Τί
710 3063 791 3143 γοῦν
812 3079 867 3126 σοι
887 3064 943 3126 καὶ
964 3056 1158 3151 ἀνατρέχειν

75 3163 117 3244 εἰς
144 3163 191 3232 τά
219 3163 361 3246 παλαιά,
390 3170 477 3234 ἔνθα
502 3167 584 3254 πρὸς
608 3167 747 3252 μίμησιν
768 3164 806 3235 τὸ
827 3157 998 3235 νεώτατον
1011 3168 1151 3256 ἀγαθὸν

73 3272 234 3362 αὔταρκες
262 3277 317 3340 καί
344 3271 623 3363 πολυαάγκρατον,
651 3277 780 3353 ἐκείναις
810 3299 845 3342 τε
867 3273 999 3346 θάλλον
1026 3289 1095 3358 τοῖς
1115 3283 1153 3350 ἰαί
1237 3346 1239 3350 ,

73 3389 225 3464 πατέρων
249 3377 311 3446 ὅσα
331 3385 386 3448 καὶ
406 3383 635 3471 κληρονομίαις
650 3387 782 3466 καλαῖς,
805 3389 1103 3470 προσεπιπλοντοῦν
1117 3391 1155 3456 δέ
1189 3393 1192 3398 ’
1344 3465 1345 3473 ¹

70 3493 127 3556 καλ
145 3488 190 3556 τά
206 3489 359 3572 οἴκοθενς
386 3483 486 3557 Ἀλλά
503 3490 585 3579 πρὸς
604 3500 639 3561 σέ
655 3500 724 3579 μέν,
745 3480 772 3560 ὦ
791 3493 964 3584 πορφύρας
980 3489 1150 3580 αάγασμα,
1262 3581 1263 3588 ¹

70 3591 196 3678 ἰδιάζον
213 3590 329 3662 αὐτίκα
343 3593 436 3678 μάλα
452 3597 544 3667 ἔσται
559 3625 617 3687 μοι
633 3598 669 3670 τὸ
683 3599 921 3691 προσφώνημα.
956 3599 1065 3667 Οὐκέτι
1082 3597 1149 3694 γάρ

69 3727 106 3774 σε
125 3703 166 3772 τὸ
188 3703 247 3769 τοῦ
267 3705 352 3772 θεοῦ
371 3709 457 3790 μέγα
478 3706 574 3793 ἔργον
594 3715 628 3775 ίν
647 3713 800 3800 παρέργῳ
821 3707 921 3793 λόγου
943 3705 1128 3794 θῆσομαι.’
1209 3727 1211 3734 ·

148 3811 200 3876 16.
225 3805 306 3896 Ἐγὼ
323 3815 371 3893 δὲ,
393 3811 471 3900 ὅπερ
489 3813 607 3898 ἔλεγον,
629 3815 685 3883 οὐκ
702 3813 745 3884 ἀν
763 3822 829 3893 τοῖς
845 3816 878 3896 ἐξ
892 3814 1025 3901 Ἰαμαῆλ
1042 3819 1153 3882 ἐκείνω

68 3913 113 3998 είς
132 3917 240 4008 ἀκοῆν
258 3921 355 3992 ἀτίον
374 3920 543 4011 ἀγάγοιμι,
564 3919 811 4010 εὐλαβούμενος,
832 3922 876 4011 μῆ
896 3925 953 3990 καὶ
968 3921 1028 4001 τάς
1044 3922 1153 4016 ὀφρῦς

69 4024 117 4096 ἐπ’
135 4034 270 4110 ἐκείνοις
283 4032 466 4122 μετεωρίσαι
481 4029 602 4112 αὐτοῖς.
640 4026 832 4122 Ἀναμνήσω
849 4035 901 4111 δὲ,
921 4023 1010 4110 ὅπως
1027 4026 1046 4099 ὁ
1066 4030 1146 4121 παρ’

106 4157 288 4210 thessalonica.
910 4138 953 4202 27
1054 4203 1058 4220 ι

1415 427 1420 520 λ
