2874 4776
228 448 256 520 4
635 468 878 524 scansuro.

332 627 409 704 Res
438 625 729 704 Thessalonicae
758 624 1010 727 antiquiores,
1044 627 1211 703 tenebris
1241 627 1313 706 ad·

231 751 392 832 modum
415 775 586 850 pressas,
619 761 802 852 quantum
823 751 952 849 licuit,
982 775 1006 827 e
1029 754 1170 830 veteris
1194 753 1315 831 histo·

211 943 214 951 Δ
233 878 315 954 riae
338 877 593 952 monumentis
616 875 897 954 illustravimus.
946 875 1068 952 Floris
1092 877 1241 954 initium
1263 903 1315 956 eo

232 1011 406 1101 ternpore
431 1001 607 1077 habuisse
628 1001 797 1097 videtur,
830 1025 906 1102 quc
930 1002 1174 1079 Macedoniae
1191 1003 1317 1104 ipsius

233 1125 309 1202 flos
338 1127 559 1222 marcebat,
602 1124 745 1204 scilicet
764 1126 968 1203 Cassandri
1002 1126 1317 1227 reliquorumque

236 1273 372 1351 regno.
421 1251 584 1326 Multum
608 1229 723 1326 debet
742 1251 998 1328 Romanorum
1020 1250 1195 1352 imperio.
1237 1251 1316 1328 Isto

236 1375 341 1459 enim
364 1380 443 1448 toto
464 1382 636 1474 tempore
659 1375 732 1451 nisi
750 1377 905 1453 nomine
923 1401 1087 1476 semper,
1110 1380 1240 1452 tamen
1253 1398 1317 1450 re-

236 1522 329 1598 apse
340 1498 496 1595 lllyrici,
515 1497 773 1597 Macedoniae,
793 1499 976 1578 Graeciae
993 1501 1214 1602 metropolis
1230 1498 1318 1598 fine,

238 1630 476 1702 mercaturae
505 1624 688 1701 beneficio
717 1625 876 1704 mirifice
900 1634 1030 1721 aucta,
1069 1650 1188 1726 quum
1219 1622 1319 1700 ahoe

52 1755 57 1767 '
167 1771 168 1778 ¹
236 1750 384 1854 illarum
420 1753 609 1823 terramm
638 1750 754 1825 urhes
782 1751 833 1826 od
861 1757 1079 1828 extremam
1109 1748 1319 1826 obscurita·

193 1911 195 1918 >
237 1880 318 1977 tens
339 1871 618 1948 delaberentur.

337 2036 518 2113 Bellicam
553 2037 846 2118 Thessalonicae
881 2039 1033 2117 laudern
1064 2040 1193 2116 secedo
1228 2033 1318 2140 post
1420 2031 1421 2119 l

238 2163 430 2240 Christum
464 2161 577 2238 tertio
605 2189 684 2239 non
714 2165 967 2264 antiquiorem
997 2163 1125 2242 video.
1178 2163 1318 2240 Docuit

237 2307 332 2366 vero
355 2285 709 2363 tribus'Gothcrum
732 2289 986 2368 invasionibus
1009 2288 1189 2388 repulsis,
1222 2287 1317 2388 quid

237 2413 446 2488 incolarum
474 2411 621 2508 virtus,
657 2414 750 2512 quid
773 2414 913 2490 ducum
936 2407 1135 2512 prudentia
1148 2412 1317 2500 valeret.

238 2539 466 2636 Quanquam
482 2537 641 2612 Gothico
662 2539 763 2614 hehe
780 2564 858 2615 uon
873 2537 975 2614 aliud
991 2537 1100 2614 fuere
1116 2537 1188 2614 nisi
1206 2561 1318 2637 praef

235 2662 384 2738 ludium
408 2661 655 2736 certaminum
679 2666 797 2739 multo
821 2663 1027 2757 maiorum,
1062 2662 1315 2758 slavicorum,
1419 2713 1420 2758 3

237 2786 408 2884 inquam,
433 2786 569 2884 quibus
593 2785 690 2861 inde*
707 2811 731 2862 a
748 2786 912 2864 Mauritii
935 2786 1097 2885 imperio
1118 2809 1189 2885 per
1205 2787 1319 2866 unius

238 2913 359 2988 seculi
390 2911 555 3010 spatium
589 2910 768 3005 continuo
796 2920 976 2994 vexatum
1001 2933 1085 2986 esse
1110 2910 1319 2986 docuimus.
1366 2997 1372 3006 ¹

238 3037 284 3112 ln
314 3036 374 3110 his
404 3036 513 3110 hellis
543 3035 636 3110 urbs
667 3035 762 3111 haec
793 3036 1020 3130 Christiana,
1070 3032 1179 3137 cujus
1212 3035 1320 3110 inco-

236 3165 297 3239 lae
327 3165 393 3237 diu
420 3171 530 3258 ante,
576 3162 609 3237 si
641 3160 707 3258 qui
737 3159 821 3251 alii,
860 3159 1081 3237 Diocletiani
1118 3167 1159 3234 et
1190 3158 1321 3234 Maxi-

173 3289 177 3296 ’
236 3289 353 3364 miani
401 3287 541 3364 Galerii
585 3285 763 3363 saevitiae
812 3283 911 3360 circa
957 3308 1065 3360 sacra
1112 3282 1321 3362 Christiana

236 3420 389 3492 strenue
412 3411 648 3506 restiterant,
683 3433 821 3485 aevum
845 3433 957 3483 suum
985 3408 1093 3506 quasi
1120 3407 1320 3482 heroicum
1418 3475 1419 3536 1

236 3559 370 3636 egens,
403 3559 599 3634 nunquam
621 3534 776 3610 inferior
799 3533 937 3625 evasit3
972 3531 1090 3608 immo
1112 3531 1320 3606 Thessalo-

236 3658 449 3738 nicensium
478 3660 740 3759 maximopere
776 3656 981 3732 constantia
1018 3662 1058 3730 et
1086 3654 1227 3732 virtute
1257 3653 1318 3730 fa·
1359 3671 1365 3677 ·

237 3793 341 3860 ctum
366 3791 444 3879 est,
476 3794 540 3884 ‘ut
557 3786 632 3860 fine
663 3783 780 3859 seculi
805 3783 955 3880 septimi
985 3781 1217 3857 Graecorum
1246 3777 1322 3878 irn-

205 3916 388 4009 'perator
427 3933 516 3984 cum
555 3910 728 3985 exercitu
772 3929 893 4005 usque
929 3907 979 3983 ad
1010 3901 1321 3980 Thessalonicam

140 4079 143 4086 ·
235 4033 435 4135 progredi,
473 4033 747 4134 Sclavinosqua
778 4030 878 4105 inter
901 4026 1249 4128 Constantinopolin
1279 4032 1321 4102 ct
