2890 4774
103 432 216 533 11.]'
301 410 553 505 nsst'xsmmus
580 453 979 542 nasammonas.
1103 425 1179 508 415

104 631 232 690 σονται,
254 631 333 695 οπερ
347 601 664 708 ἀντικαθίστασθαι
678 607 810 688 βασιλεῖ
821 602 959 698 τοιούτῳ
972 599 1183 730 βεβούληται·

105 745 144 796 ος
161 714 233 807 ἀμα
250 717 407 798 ἐπένευσε,
427 718 482 784 καί
497 703 685 796 πεποίηκεν·
691 699 855 796 έλάλησε,
875 739 930 782 και
945 712 984 781 τὸ
1002 719 1184 802 ἐπιταχθέν

106 809 300 892 τετέλεσται
348 823 510 909 Κρινοῦσι
542 824 577 888 δέ
608 815 701 888 αύτοί
730 823 786 888 καὶ
814 825 957 906 γελοίους
984 821 1184 913 ἀνθρώπους

107 933 266 1009 ἐκείνους,
300 926 332 997 ολ
356 925 463 1016 γήν“
447 922 585 997 άπασαν
610 935 673 1015 τῷ,
685 930 846 1014 βασιλικῷ
868 925 983 1012 κράτει
1010 933 1186 1015 βλέποντες

106 1037 378 1136 ύποκύπτουσαν,
407 1033 500 1105 αύτοί
521 1037 780 1124 καταθαρῥούσι
798 1032 995 1120 θαλάσσης,
1022 1043 1077 1108 καί
1096 1064 1188 1124 νησι-

107 1133 185 1218 δίων
209 1152 338 1278 κρατεῖν
358 1141 606 1270 ἐπιβάλλονται,
632 1147 766 1230 ὠσείπιρ
787 1143 832 1230 μή
854 1149 910 1212 καὶ
930 1145 991 1225 τὰς
1009 1145 1130 1234 νήσους
1150 1148 1189 1218 τὸ
1307 1199 1308 1204 ,

108 1258 168 1348 τῆς
193 1282 253 1342 γης
276 1251 383 1326 ὄνομα
402 1250 615 1323 ὠκειώσατο·
633 1250 675 1330 ὡς
701 1257 857 1322 ἐντεῦθεν
877 1247 1109 1383 λείπεσθαιή”
1089 1285 1108 1341 η
1130 1262 1187 1326 καί

106 1365 167 1451 τής
192 1365 406 1448 ποθουμένης
432 1358 569 1440 τούτους
594 1355 773 1444 θαλάσσης
803 1355 1018 1447 ἀπάγεσθαι,
1055 1359 1076 1446 ἢ
1102 1359 1187 1432 ἀλλά

108 1467 343 1542 καταδύεσθαι
363 1465 407 1547 τίς
426 1461 588 1554 βυθὸν,ι
570 1497 588 1538 ο
610 1473 666 1537 καὶ
685 1473 866 1537 πείσονται·
887 1465 931 1547 ιίς
950 1467 1091 1557 μηδέν
1073 1496 1112 1540 ον
1129 1469 1190 1541 ού·

107 1584 179 1657 τοῖς
201 1575 300 1663 μετὸν
327 1580 411 1660 μηδέ
432 1579 492 1659 τῆς
512 1572 758 1669 ἀμφικλύστου,
788 1577 845 1660 τῆς
866 1579 1072 1662 νησιωτίὸος,
1099 1579 1189 1652 ἔνθα

108 1692 173 1777 γύς
189 1681 322 1764 ἀπάσης
341 1679 507 1774 μόναρχος
520 1679 604 1771 μετά
621 1707 659 1770 γε
678 1680 764 1751 θεὸν
785 1678 803 1751 ὃ
822 1679 976 1773 ἡμέτερος
996 1687 1163 1774 βασιλεύς.

194 1793 246 1860 12.
282 1795 443 1876 Κείοηται
482 1817 540 1878 μοι
574 1795 675 1881 μέρος
709 1793 864 1860 ἐνταῦθα
897 1801 955 1874 τῆς
992 1791 1188 1888 ἀφηγήσεως

107 1905 165 1973 καί
193 1898 232 1970 τὸ
262 1903 323 1969 τοῦ
350 1895 452 1991 ῥηγός
487 1894 733 1986 μεγαλώνυμον,
769 1895 807 1978 ὃς
836 1901 870 1982 ἐξ
896 1900 1108 1991 Ἰερουσαλήμ
1144 1913 1189 1985 είς

109 2011 199 2100 ήμάς
227 2012 361 2099 ἔδραμε,
391 2007 476 2102 ἀκοῇ
501 2033 536 2075 τε
560 2009 873 2090 καταπεπληγμένος
897 2013 952 2075 καί
974 2009 1095 2099 ἔργοις,
1123 2041 1190 2100 μα.

111 2117 250 2209 κρίθεν·
265 2115 304 2186 τὸ
331 2119 391 2187 τοῦ
416 2121 573 2205 βασιλέως
599 2112 877 2200 άξιοθοιύμαστον
906 2113 1111 2201 ἐπεγνωκὼς,
1140 2114 1191 2200 οίς

112 2225 313 2315 εὐεργέτητο,
343 2220 392 2305 οἷς
411 2219 676 2315 συγκεκρότητοὶ
703 2217 787 2308 ἀνὴρ
814 2224 870 2288 καί
898 2219 1004 2303 άλλως
1031 2233 1093 2312 μέν
1120 2235 1190 2309 τοῖς

112 2337 274 2412 ἐναντίοις
288 2335 460 2425 έιιπίπτων
480 2327 599 2423 βαρύς,
619 2330 675 2400 ὃιά
694 2332 729 2397 δέ
750 2332 809 2415 τῆς
829 2331 1001 2416 βασιλικῆς
1013 2332 1122 2423 χειρὸς
1136 2341 1194 2406 καί

111 2441 299 2532 συνάρσεως
318 2441 536 2529 βαθυτάτους
557 2439 686 2532 τάφους
704 2437 894 2523 ὑπανοίγων
913 2442 960 2524 τῷ
978 2444 1088 2522 ίθυει,
1121 2437 1194 2515 ὅσοι

111 2556 174 2623 τοῦ
199 2549 374 2642 ζωηφόρου
394 2548 505 2642 τάφον
522 2549 737 2640 κατατολιιᾴν
756 2543 898 2629 ἤθελον·
937 2541 1192 2626 ὃςκαίέπιθυ·

108 2657 219 2751 μήσας
243 2660 303 2744 τής
329 2665 415 2737 θέας
441 2662 602 2746 γενέσθαι
628 2656 688 2724 τοῦ
707 2649 967 2740 αὐτοκράτορος,
995 2656 1038 2735 ὡς
1058 2653 1101 2726 ἀν
1121 2661 1192 2728 ἐπι.

111 2770 214 2836 πλέον
232 2770 432 2853 κρατυνθείς
450 2765 538 2834 κατὰ
559 2772 623 2833 τῶν
642 2762 749 2860 έχθρά
774 2760 987 2855 φρονούντων
1003 2766 1091 2856 θεῷ,
1117 2763 1193 2843 οίίτε

112 2873 154 2945 τὰ
179 2879 237 2960 τῆς
256 2871 335 2942 ὁδοῦ
355 2870 460 2960 τραχὺ
478 2879 533 2940 καί
552 2869 644 2958 μάλα
665 2869 751 2938 πολὺ
770 2873 957 2956 ἐλογίσατο,
982 2870 1056 2940 οὔτε
1077 2876 1196 2954 τὸτῆς
1269 2859 1275 2868 ’

112 2984 244 3072 μακράς
260 2979 439 3064 θαλάσσης
457 2978 516 3050 ούκ
533 2981 591 3064 ἔξω
608 2976 760 3047 κινδύνου
775 2977 897 3065 ἤγαγεν
913 2981 965 3047 ίπί
980 2986 1068 3048 νοῦν.
1096 2976 1195 3051 Ἀλλά

113 3096 258 3178 θέμενος
285 3087 329 3169 εἰς
356 3087 529 3160 οὐδένκαὶ
553 3085 744 3180 ἀμφότερα,
776 3084 806 3154 εἰ
826 3085 930 3174 μόνον
953 3087 1062 3156 έλθάν
1084 3095 1142 3170 τῆς
1160 3099 1195 3160 έν
1219 3086 1221 3094 ’

113 3196 191 3295 εὐχῇ
210 3195 457 3286 προσκυνήσεως
475 3204 616 3284 γένοιτο,
643 3199 842 3284 προτίθεται
860 3194 949 3284 ὅμως
967 3193 1027 3281 τήν
1047 3196 1104 3266 διά
1126 3206 1196 3284 θα·
1256 3254 1260 3262 .

113 3307 242 3391 λύσσης
259 3313 410 3396 πορείαν,
433 3305 493 3395 ούχ
513 3306 565 3376 ὅτι
583 3309 721 3375 καλλίων
740 3303 823 3391 αὐτή
840 3308 904 3386 Ιτού
924 3308 1115 3398 πεζοφορεῐν
1130 3311 1196 3388 (τίς

113 3413 180 3507 γάρ
200 3417 258 3499 τῆς
277 3419 464 3502 στερεμνίου
485 3411 675 3501 βάσεωςάν
694 3419 798 3483 ίλοιτο
811 3401 926 3482 ’Ἅιδου
941 3421 1115 3500 πέταυρον,
1139 3419 1195 3483 καί
1236 3487 1240 3494 ,

115 3527 177 3594 τού
202 3523 363 3616 ἀσφαλῶς
390 3525 515 3609 βαίνειν
539 3517 578 3590 τίι
600 3519 656 3588 διά
676 3524 872 3610 θανασίμου
893 3519 1195 3610 παραπετάσματος
1267 3511 1270 3519 ’

115 3637 369 3713 στίλλεσθαις)·
399 3625 468 3698 ἀλλ’
485 3625 542 3695 ἰ’να
564 3627 646 3718 ταχύ
666 3638 723 3718 τῆς
744 3629 904 3724 φιλτάτης
924 3627 1030 3724 ὄφεως
1050 3634 1195 3714 γένηται.

99 3743 186 3808 ΙΚαί
208 3745 318 3809 τοίνυν
344 3739 409 3806 τῶν
429 3743 490 3821 μέν
512 3734 718 3825 περιδράμων
739 3737 953 3824 ἀπαλλαγείς,
983 3731 1040 3819 οίίς
1062 3735 1196 3809 ὁἸσσι·

117 3847 176 3928 κὸς
202 3849 317 3940 έλίρσιι
342 3843 462 3922 κόλπος
487 3846 542 3909 καί
569 3838 607 3909 τά
627 3845 721 3928 πέριξ
741 3847 861 3913 ἐκείνου
881 3845 1063 3934 παράλιον,
1093 3857 1197 3916 έπιτε·

116 3955 188 4044 μών
210 3959 245 4022 δέ
266 3953 327 4041 τήν
343 3952 562 4043 κυκλοφορίαν
576 3949 624 4040 τῷ
638 3955 790 4036 ίθαγενεῐ
800 3959 860 4024 τοῦ
875 3953 992 4024 ’στόλου
1013 3954 1145 4039 ἀνέμοις
1161 3979 1197 4024 τε

116 4068 305 4149 πομπίμοις
317 4066 373 4136 καί
389 4065 503 4150 χερσίν
517 4054 788 4139 ίπιστιευδσύσαις
808 4049 867 4131 τάν
886 4066 1000 4147 πλοῦν,
1021 4054 1119 4152 ἦλθε,
1140 4068 1197 4134 καί
1236 4151 1238 4154 ¹
