2890 4774
258 419 336 496 384
678 437 897 492 τέκτοσιν.
1231 410 1328 505 [σου.

257 591 319 685 ρῦν
339 591 448 683 ὥσπέρ
466 616 499 660 τι
518 591 616 658 θεῖον
636 585 815 674 ἁγιότητος
834 587 1011 682 παρείπετο
1029 583 1265 679 δορυφόρημα·
1289 583 1328 668 ὡς

256 702 334 781 τοῦς
354 701 616 783 ἐντευξομένους,
648 691 898 789 ὑφορωμένους,
928 691 973 784 μὴ
999 701 1065 762 τῶν
1086 702 1155 763 οῦν
1178 677 1328 783 Χόρέτων
1404 744 1405 758 2

256 813 435 891 έκιιέσοιεν,
465 803 486 894 ἢ
510 818 581 885 ταῖς
607 811 683 882 σαῖς
709 801 909 892 έπιτιμησεσι
930 810 1148 890 περιπέσοιεν,
1182 801 1329 890 συνάγειν

256 913 380 1004 εῦλόγρ
402 919 463 984 δέει
482 913 541 982 τὸν
561 915 655 996 νοῦν,
678 918 732 980 καὶ
753 911 839 981 κατὰ
860 909 935 989 τοῦς
955 914 1258 994 τελεοθησοιιέυους
1274 911 1330 1000 μό-

255 1051 316 1095 νον
337 1021 376 1093 οῦ
395 1023 674 1112 περιρραντηρίων
696 1026 831 1091 δεῖσθαι
851 1005 1065 1110 καθάρσεων.
1114 1021 1185 1088 Καὶ
1207 1023 1332 1106 Κλέαρ-

255 1159 314 1223 χος
339 1139 400 1220 μὲν
428 1133 447 1199 ὁ
471 1132 679 1214 Λακωνικός,
720 1123 764 1208 ῦίς
791 1156 855 1198 που
885 1123 1041 1220 Ξενοφῶν
1074 1125 1243 1216 ἱστόρηκε,
1279 1133 1331 1197 καὶ
1406 1153 1407 1172 ¹

257 1238 398 1328 οτυγνός
415 1228 459 1329 ἦν
474 1235 576 1332 ὁρᾷν,
597 1244 652 1306 καὶ
677 1237 796 1326 τραχῦς
816 1245 857 1321 τῆ
875 1239 989 1332 φωνῇ·
1019 1236 1106 1305 ἀλλὰ
1128 1235 1166 1305 τὸ
1186 1237 1331 1306 τοιοῦτον

186 1369 210 1429 ·,
257 1347 399 1434 στυγνὸν
431 1351 467 1415 έν
497 1353 567 1424 τοῖς
596 1351 710 1425 δεινοῖς
737 1358 823 1434 φησι
852 1345 997 1438 φαιδρὸν
1024 1355 1093 1426 τοῖς
1120 1341 1333 1433 στρατιώταις

256 1459 417 1550 έφαίνετο.
465 1456 544 1523 Σοῦ
569 1459 604 1522 δὲ
631 1461 686 1521 καὶ
715 1454 773 1523 τὸν
801 1451 852 1524 ἀεὶ
871 1463 932 1542 μέν
950 1451 1071 1544 χρόνον
1092 1451 1262 1544 ὁρωμένου
1281 1456 1333 1520 καί

256 1567 507 1659 φθεγγομένου,
538 1567 678 1654 φαιδραὶ
706 1567 776 1640 τοῖς
801 1567 1038 1649 προσομιλοῦσι
1066 1567 1271 1650 προσεγέλων
1297 1563 1331 1627 αἱ

256 1669 414 1760 Χάριτες·
436 1671 645 1762 διεφαίνοντο
668 1674 701 1739 δέ
721 1669 815 1740 οὐδέν
834 1665 942 1756 ἦττον,
963 1678 1019 1740 καί
1039 1671 1093 1741 ὅτε
1113 1671 1198 1766 ζηλιμ
1221 1674 1331 1754 δικαίῳ

254 1784 526 1869 παρεθερααίυου
545 1778 632 1847 κατὰ
651 1781 714 1848 τιῦν
729 1787 990 1869 μοχθηροτέραν
1005 1789 1060 1852 καὶ
1077 1787 1240 1868 δεομένων
1257 1806 1332 1868 τρα-

251 1897 389 1978 χυτέρας
406 1889 465 1976 τῆς
480 1886 715 1976 έμβριμὴσεως.
744 1893 815 1958 Καί
830 1890 894 1959 ποῦ
910 1917 959 1970 τις
978 1888 1264 1978 έπιπληττόμενος,
1286 1888 1327 1972 μη

254 1995 343 2068 πάνυ
364 1995 521 2081 τισυιόὸης
542 1999 588 2081 (ί)
610 1996 656 2065 οῦν
676 1998 737 2084 τὴν
757 1999 886 2092 φυγὴν,
907 1991 1006 2082 ἦττον
1026 2003 1127 2068 ἐδόκει
1148 1998 1331 2066 δάκνεσθαι

253 2102 275 2195 ἢ
295 2103 457 2189 ἥδεσθαι,
485 2111 644 2193 μέμψεων
665 2106 833 2175 ἐπακούων
853 2106 1074 2194 γλυκυθῦμων
1095 2111 1194 2174 πλέον
1217 2103 1274 2174 διᾶ
1296 2101 1331 2170 τό

252 2211 373 2302 εῦχαρι,
393 2210 414 2301 ἢ
431 2213 632 2302 δακεθῦμων
653 2189 715 2283 aaa?
730 2214 769 2284 τὸ
790 2216 956 2303 έπίχολον·
976 2223 1033 2284 καλ
1049 2217 1159 2304 ῥόδοις
1173 2217 1330 2301 Χαρίτων

253 2328 386 2424 πνέουσι
413 2320 624 2404 πέττεσθαι,
655 2322 677 2412 ἢ
702 2333 845 2416 κέντροις
875 2333 1103 2418 διαστρέφουσι
1128 2320 1330 2412 βάλλεσθαι.

256 2423 366 2510 Οῦτως
385 2428 459 2500 οῦτε
480 2431 518 2499 τὸ
537 2421 735 2524 χοίριένσου
756 2432 913 2521 ῦκεντρον
933 2421 975 2524 ἦν
994 2433 1181 2517 (ἀνειμένον
1200 2433 1269 2517 γαρ
1289 2425 1329 2495 ἂν
1412 2435 1413 2438 ’

253 2527 309 2626 ἦν,
337 2545 393 2608 καλ
415 2538 497 2628 πρὸς
517 2545 701 2610 νουθεσίαν
722 2540 958 2630 ἀμβλύτερον),
991 2539 1065 2611 οῦτε
1086 2543 1124 2608 τό
1144 2534 1332 2627 παροξυνό-

252 2672 352 2733 μενον
375 2643 475 2734 έίχαρι
496 2649 543 2742 τῷ
561 2652 672 2718 παντί.
702 2646 877 2741 Ἑκάτερον
898 2645 998 2719 δέδι’
1019 2655 1173 2735 ἑκατέρου
1193 2672 1331 2736 περιχω·

254 2757 350 2842 ροῦν,
371 2749 492 2841 ἄριστα
506 2766 705 2845 ’κεκραμένον
724 2763 990 2848 ἐγκατεμέμικτο.
1033 2747 1159 2826 Οῦκοῦν
1175 2757 1252 2822 τίνα
1272 2760 1332 2822 τῶν

253 2871 338 2945 σῦν,
361 2855 432 2931 εἶθ’
453 2863 518 2934 ὅσα
538 2867 755 2950 σπουδάζοντέ
774 2893 828 2938 σοι
848 2865 1048 2951 πεπόνηται,
1069 2867 1130 2933 εἴτε
1152 2860 1329 2951 σχολάζου-

147 2999 149 3008 ·
237 2995 284 3074 ’τι
310 2978 488 3039 πέπαικται
512 2977 707 3062 χαριέντως,
739 2971 796 3044 οῦκ
824 2972 888 3044 ῦνιέ
912 2972 1022 3064 στόμα
1049 2984 1116 3052 τοῖς
1137 2969 1329 3064 φιλολόγοις

254 3077 421 3171 φερόμενα
444 3083 676 3169 περιᾴδονταις
707 3075 753 3152 ὧν
778 3084 838 3152 οῦκ
863 3081 958 3170 ὀλίγα
983 3081 1065 3150 κάπὶ
1092 3094 1164 3158 ταῖς
1190 3073 1329 3165 ῦγοραῑς

251 3191 307 3256 καὶ
336 3183 478 3277 τριόδοις
504 3186 642 3260 ῦκοῦσοι
673 3218 724 3272 τις
755 3192 798 3272 ῦς
827 3191 870 3260 τὰ
899 3188 1107 3282 παροιμιώδη
1133 3187 1329 3277 περιλαλού-

250 3319 346 3369 μονα.

332 3401 384 3467 13·
405 3399 549 3484 Εἰκότως
569 3397 628 3476 οῦν
649 3409 701 3478 έπλ
721 3408 869 3497 τοσούτῳ
887 3416 942 3480 καὶ
962 3408 1065 3488 οῦτιος
1085 3397 1212 3493 ῦγαθρῦ
1232 3403 1328 3490 ἀνδρὶ

250 3515 307 3580 καλ
332 3518 528 3607 κοινωφελεῖ
549 3517 785 3600 τετελευτηκότι
809 3516 921 3588 κοινὸν
942 3523 997 3586 καὶ
1019 3522 1147 3594 πένθος
1169 3511 1326 3582 ἁπάντων

250 3623 425 3691 καθίκετο·
462 3620 606 3709 μάλιστα
627 3629 662 3693 δέ
682 3630 740 3710 τῆς
761 3631 845 3696 ἴδιον
860 3626 1008 3713 ’ἀγαθόν
1028 3622 1189 3714 λαχούσης
1208 3625 1326 3689 ἐκεῖνον

248 3727 384 3811 πόλεως,
417 3724 438 3814 ἢ
464 3737 518 3799 καί
544 3741 620 3817 νῦν,
653 3727 758 3825 ῦοιτέρ
780 3763 829 3815 τις
855 3740 997 3824 γενναία
1016 3733 1096 3820 γυνη
1119 3724 1324 3818 παρθινικόν

249 3831 351 3918 αὖῐῆς
371 3834 655 3927 ὅνδραιθανόντα
676 3850 865 3926 πενθοῦσα,
888 3843 1038 3926 κάθηται
1056 3845 1180 3929 χαμαὶ,
1200 3839 1325 3923 μᾶλλον

248 3945 282 4012 δέ
307 3951 379 4038 περὶ
408 3947 467 4016 τὸν
492 3947 742 4038 πολυδάκρυτον
769 3950 881 4042 τῦφον
904 3955 1116 4036 κυλινδομένη
1136 3938 1325 4036 κατολοφῦ·

250 4069 350 4139 ρτται
368 4048 606 4144 ἇπαρῦκλητα·
635 4063 706 4129 καὶ
733 4057 782 4130 τὰ
810 4055 974 4152 δάκρυα
1002 4054 1150 4142 αὐτῆς,
1178 4055 1262 4124 εέποι
1281 4046 1324 4118 ἂν
