<?xml version="1.0" encoding="UTF-8"?>
<!DOCTYPE html PUBLIC "-//W3C//DTD XHTML 1.0 Transitional//EN"
    "http://www.w3.org/TR/xhtml1/DTD/xhtml1-transitional.dtd">
<html xmlns="http://www.w3.org/1999/xhtml" xml:lang="en" lang="en">
 <head>
  <title>
</title>
<meta http-equiv="Content-Type" content="text/html;charset=utf-8" />
  <meta name='ocr-system' content='tesseract 3.04.00' />
  <meta name='ocr-capabilities' content='ocr_page ocr_carea ocr_par ocr_line ocrx_word'/>
</head>
<body>
  <div class='ocr_page' id='page_1' title='image "./dethessalonicae01tafegoog_0544.png"; bbox 0 0 2890 4774; ppageno 0'>
   <div class='ocr_carea' id='block_1_1' title="bbox 85 413 1172 534">
    <p class='ocr_par' dir='ltr' id='par_1_1' title="bbox 85 413 1172 534">
     <span class='ocr_line' id='line_1_1' title="bbox 85 413 1172 534; baseline -0.006 -22"><span class='ocrx_word' id='word_1_1' title='bbox 85 436 155 528; x_wconf 72' lang='grc' dir='ltr'><strong><em>επ]</em></strong></span> <span class='ocrx_word' id='word_1_2' title='bbox 256 413 972 534; x_wconf 61' lang='lat' dir='ltr'><strong><em>·susumuswunsmo1v1czus1s3</em></strong></span> <span class='ocrx_word' id='word_1_3' title='bbox 1096 429 1172 506; x_wconf 75' lang='lat'><strong><em>411</em></strong></span> 
     </span>
    </p>
   </div>
   <div class='ocr_carea' id='block_1_2' title="bbox 87 589 1179 1886">
    <p class='ocr_par' dir='ltr' id='par_1_2' title="bbox 87 589 1173 802">
     <span class='ocr_line' id='line_1_2' title="bbox 87 589 1173 706; baseline -0.006 -26"><span class='ocrx_word' id='word_1_4' title='bbox 87 614 139 692; x_wconf 88' lang='grc' dir='ltr'><strong><em>τίς</em></strong></span> <span class='ocrx_word' id='word_1_5' title='bbox 161 613 227 701; x_wconf 76' lang='grc' dir='ltr'><strong><em>γάρ</em></strong></span> <span class='ocrx_word' id='word_1_6' title='bbox 253 589 314 678; x_wconf 81' lang='grc' dir='ltr'><strong><em>οὐκ</em></strong></span> <span class='ocrx_word' id='word_1_7' title='bbox 340 603 384 676; x_wconf 85' lang='grc' dir='ltr'><strong><em>ἀν</em></strong></span> <span class='ocrx_word' id='word_1_8' title='bbox 408 602 465 676; x_wconf 89' lang='grc' dir='ltr'><strong><em>διά</em></strong></span> <span class='ocrx_word' id='word_1_9' title='bbox 491 607 567 694; x_wconf 88' lang='grc' dir='ltr'><strong><em>βίον</em></strong></span> <span class='ocrx_word' id='word_1_10' title='bbox 588 599 850 678; x_wconf 76' lang='grc' dir='ltr'><strong><em>άνυκυκλεῖσθαι</em></strong></span> <span class='ocrx_word' id='word_1_11' title='bbox 870 599 913 676; x_wconf 85' lang='grc' dir='ltr'><strong><em>τά</em></strong></span> <span class='ocrx_word' id='word_1_12' title='bbox 933 608 1072 706; x_wconf 81' lang='grc' dir='ltr'><strong><em>τοιαῦτα</em></strong></span> <span class='ocrx_word' id='word_1_13' title='bbox 1088 601 1173 694; x_wconf 89' lang='grc' dir='ltr'><strong><em>βού-</em></strong></span> 
     </span>
     <span class='ocr_line' id='line_1_3' title="bbox 88 725 762 802; baseline -0.004 -12"><span class='ocrx_word' id='word_1_14' title='bbox 88 725 201 802; x_wconf 83' lang='grc' dir='ltr'><strong><em>λοιτο;</em></strong></span> <span class='ocrx_word' id='word_1_15' title='bbox 761 735 762 743; x_wconf 76' lang='grc'>’</span> 
     </span>
    </p>

    <p class='ocr_par' dir='ltr' id='par_1_3' title="bbox 90 815 1179 1886">
     <span class='ocr_line' id='line_1_4' title="bbox 174 815 1175 912; baseline -0.002 -22"><span class='ocrx_word' id='word_1_16' title='bbox 174 825 206 893; x_wconf 85' lang='grc'><strong><em>1.</em></strong></span> <span class='ocrx_word' id='word_1_17' title='bbox 248 820 497 912; x_wconf 79' lang='grc' dir='ltr'><strong><em>Ἀναβοήσσμαι</em></strong></span> <span class='ocrx_word' id='word_1_18' title='bbox 524 825 635 893; x_wconf 80' lang='grc' dir='ltr'><strong><em>τοίνυν</em></strong></span> <span class='ocrx_word' id='word_1_19' title='bbox 661 815 705 888; x_wconf 91' lang='grc' dir='ltr'><strong><em>τά</em></strong></span> <span class='ocrx_word' id='word_1_20' title='bbox 732 845 768 892; x_wconf 88' lang='grc' dir='ltr'><strong><em>τε</em></strong></span> <span class='ocrx_word' id='word_1_21' title='bbox 797 820 883 892; x_wconf 88' lang='grc' dir='ltr'><strong><em>ἀλλα</em></strong></span> <span class='ocrx_word' id='word_1_22' title='bbox 908 823 971 890; x_wconf 82' lang='grc' dir='ltr'><strong><em>τῶν</em></strong></span> <span class='ocrx_word' id='word_1_23' title='bbox 996 822 1175 911; x_wconf 77' lang='grc' dir='ltr'><strong><em>βασιλικῶν</em></strong></span> 
     </span>
     <span class='ocr_line' id='line_1_5' title="bbox 90 920 1176 1022; baseline -0.006 -18"><span class='ocrx_word' id='word_1_24' title='bbox 90 932 295 1022; x_wconf 79' lang='grc' dir='ltr'><strong><em>Εὐρωπαίων</em></strong></span> <span class='ocrx_word' id='word_1_25' title='bbox 329 925 593 1019; x_wconf 83' lang='grc' dir='ltr'><strong><em>ἀριστευμάτων,</em></strong></span> <span class='ocrx_word' id='word_1_26' title='bbox 630 920 695 998; x_wconf 74' lang='grc' dir='ltr'><strong><em>ὅσα</em></strong></span> <span class='ocrx_word' id='word_1_27' title='bbox 722 927 757 1010; x_wconf 74' lang='grc' dir='ltr'><strong><em>ἐξ</em></strong></span> <span class='ocrx_word' id='word_1_28' title='bbox 787 922 978 1016; x_wconf 81' lang='grc' dir='ltr'><strong><em>ἀμετρήτων</em></strong></span> <span class='ocrx_word' id='word_1_29' title='bbox 1003 928 1176 1018; x_wconf 78' lang='grc' dir='ltr'><strong><em>ἀποτεμὼν</em></strong></span> 
     </span>
     <span class='ocr_line' id='line_1_6' title="bbox 91 1033 1172 1130; baseline -0.002 -20"><span class='ocrx_word' id='word_1_30' title='bbox 91 1042 111 1110; x_wconf 91' lang='grc' dir='ltr'><strong><em>ό</em></strong></span> <span class='ocrx_word' id='word_1_31' title='bbox 139 1040 251 1128; x_wconf 78' lang='grc' dir='ltr'><strong><em>καιρός</em></strong></span> <span class='ocrx_word' id='word_1_32' title='bbox 278 1043 334 1109; x_wconf 80' lang='grc' dir='ltr'><strong><em>καί</em></strong></span> <span class='ocrx_word' id='word_1_33' title='bbox 360 1033 431 1108; x_wconf 84' lang='grc' dir='ltr'><strong><em>οἷον</em></strong></span> <span class='ocrx_word' id='word_1_34' title='bbox 455 1034 686 1125; x_wconf 76' lang='grc' dir='ltr'><strong><em>ὑπαγορεύσας</em></strong></span> <span class='ocrx_word' id='word_1_35' title='bbox 710 1033 806 1126; x_wconf 80' lang='grc' dir='ltr'><strong><em>δύσει</em></strong></span> <span class='ocrx_word' id='word_1_36' title='bbox 830 1061 887 1122; x_wconf 89' lang='grc' dir='ltr'><strong><em>μοι</em></strong></span> <span class='ocrx_word' id='word_1_37' title='bbox 910 1036 1172 1130; x_wconf 75' lang='grc' dir='ltr'><strong><em>ἀφηγήσασθαι·</em></strong></span> 
     </span>
     <span class='ocr_line' id='line_1_7' title="bbox 91 1137 1175 1246; baseline -0.006 -26"><span class='ocrx_word' id='word_1_38' title='bbox 91 1153 148 1220; x_wconf 81' lang='grc' dir='ltr'><strong><em>ναὶ</em></strong></span> <span class='ocrx_word' id='word_1_39' title='bbox 169 1150 310 1235; x_wconf 74' lang='grc' dir='ltr'><strong><em>μήνκαὶ</em></strong></span> <span class='ocrx_word' id='word_1_40' title='bbox 330 1147 373 1218; x_wconf 88' lang='grc' dir='ltr'><strong><em>τά</em></strong></span> <span class='ocrx_word' id='word_1_41' title='bbox 394 1148 460 1216; x_wconf 79' lang='grc' dir='ltr'><strong><em>τῶν</em></strong></span> <span class='ocrx_word' id='word_1_42' title='bbox 480 1151 672 1232; x_wconf 72' lang='grc' dir='ltr'><strong><em>Δαλματοίν,</em></strong></span> <span class='ocrx_word' id='word_1_43' title='bbox 695 1137 750 1212; x_wconf 84' lang='grc' dir='ltr'><strong><em>ότι</em></strong></span> <span class='ocrx_word' id='word_1_44' title='bbox 771 1145 828 1228; x_wconf 77' lang='grc' dir='ltr'><strong><em>τῆς</em></strong></span> <span class='ocrx_word' id='word_1_45' title='bbox 848 1145 1064 1229; x_wconf 53' lang='grc' dir='ltr'><strong><em>παλαιτάτηςΧ</em></strong></span> <span class='ocrx_word' id='word_1_46' title='bbox 1077 1145 1175 1246; x_wconf 83' lang='grc' dir='ltr'><strong><em>αὐτο-</em></strong></span> 
     </span>
     <span class='ocr_line' id='line_1_8' title="bbox 91 1250 1178 1344; baseline -0.002 -16"><span class='ocrx_word' id='word_1_47' title='bbox 91 1255 197 1343; x_wconf 89' lang='grc' dir='ltr'><strong><em>νόμου</em></strong></span> <span class='ocrx_word' id='word_1_48' title='bbox 223 1262 280 1326; x_wconf 86' lang='grc' dir='ltr'><strong><em>καὶ</em></strong></span> <span class='ocrx_word' id='word_1_49' title='bbox 305 1255 398 1327; x_wconf 75' lang='grc' dir='ltr'><strong><em>αὐτοὶ</em></strong></span> <span class='ocrx_word' id='word_1_50' title='bbox 427 1251 642 1344; x_wconf 75' lang='grc' dir='ltr'><strong><em>θρασύτητος</em></strong></span> <span class='ocrx_word' id='word_1_51' title='bbox 668 1250 904 1341; x_wconf 76' lang='grc' dir='ltr'><strong><em>ἐκλαθόμενοι,</em></strong></span> <span class='ocrx_word' id='word_1_52' title='bbox 933 1251 991 1322; x_wconf 89' lang='grc' dir='ltr'><strong><em>τόν</em></strong></span> <span class='ocrx_word' id='word_1_53' title='bbox 1017 1256 1178 1342; x_wconf 79' lang='grc' dir='ltr'><strong><em>δεσπότην</em></strong></span> 
     </span>
     <span class='ocr_line' id='line_1_9' title="bbox 93 1359 1177 1451; baseline 0.001 -17"><span class='ocrx_word' id='word_1_54' title='bbox 93 1371 242 1451; x_wconf 72' lang='grc' dir='ltr'><strong><em>ἐπέγνων,</em></strong></span> <span class='ocrx_word' id='word_1_55' title='bbox 262 1370 318 1434; x_wconf 88' lang='grc' dir='ltr'><strong><em>καὶ</em></strong></span> <span class='ocrx_word' id='word_1_56' title='bbox 338 1361 447 1434; x_wconf 81' lang='grc' dir='ltr'><strong><em>οὐκέτι</em></strong></span> <span class='ocrx_word' id='word_1_57' title='bbox 463 1359 634 1448; x_wconf 74' lang='grc' dir='ltr'><strong><em>ἐλεύθερον</em></strong></span> <span class='ocrx_word' id='word_1_58' title='bbox 649 1364 815 1446; x_wconf 74' lang='grc' dir='ltr'><strong><em>βλέπουσι.</em></strong></span> <span class='ocrx_word' id='word_1_59' title='bbox 857 1361 1020 1432; x_wconf 85' lang='grc' dir='ltr'><strong><em>Μάλιστα</em></strong></span> <span class='ocrx_word' id='word_1_60' title='bbox 1040 1373 1101 1450; x_wconf 74' lang='grc' dir='ltr'><strong><em>μὲν</em></strong></span> <span class='ocrx_word' id='word_1_61' title='bbox 1118 1359 1177 1435; x_wconf 86' lang='grc' dir='ltr'><strong><em>οὖν</em></strong></span> 
     </span>
     <span class='ocr_line' id='line_1_10' title="bbox 94 1467 1178 1563; baseline 0.001 -22"><span class='ocrx_word' id='word_1_62' title='bbox 94 1470 568 1563; x_wconf 77' lang='grc' dir='ltr'><strong><em>ἐλεύθερονάναπεταινύουσι</em></strong></span> <span class='ocrx_word' id='word_1_63' title='bbox 583 1473 760 1562; x_wconf 83' lang='grc' dir='ltr'><strong><em>βλέφαρον,</em></strong></span> <span class='ocrx_word' id='word_1_64' title='bbox 782 1474 838 1538; x_wconf 79' lang='grc' dir='ltr'><strong><em>καί</em></strong></span> <span class='ocrx_word' id='word_1_65' title='bbox 857 1478 920 1558; x_wconf 82' lang='grc' dir='ltr'><strong><em>τῶν</em></strong></span> <span class='ocrx_word' id='word_1_66' title='bbox 935 1467 1051 1562; x_wconf 85' lang='grc' dir='ltr'><strong><em>φόβων</em></strong></span> <span class='ocrx_word' id='word_1_67' title='bbox 1065 1473 1178 1554; x_wconf 78' lang='grc' dir='ltr'><strong><em>αὐτοῖς</em></strong></span> 
     </span>
     <span class='ocr_line' id='line_1_11' title="bbox 92 1573 1178 1669; baseline 0.003 -20"><span class='ocrx_word' id='word_1_68' title='bbox 92 1585 263 1650; x_wconf 72' lang='grc' dir='ltr'><strong><em>λυθέντων</em></strong></span> <span class='ocrx_word' id='word_1_69' title='bbox 295 1583 433 1668; x_wconf 84' lang='grc' dir='ltr'><strong><em>(ἱλαροῦ</em></strong></span> <span class='ocrx_word' id='word_1_70' title='bbox 463 1579 529 1667; x_wconf 88' lang='grc' dir='ltr'><strong><em>γάρ</em></strong></span> <span class='ocrx_word' id='word_1_71' title='bbox 559 1573 718 1647; x_wconf 88' lang='grc' dir='ltr'><strong><em>δεσπότου</em></strong></span> <span class='ocrx_word' id='word_1_72' title='bbox 745 1580 903 1664; x_wconf 73' lang='grc' dir='ltr'><strong><em>βασιλέως</em></strong></span> <span class='ocrx_word' id='word_1_73' title='bbox 932 1582 1178 1669; x_wconf 77' lang='grc' dir='ltr'><strong><em>πεπείρανται),</em></strong></span> 
     </span>
     <span class='ocr_line' id='line_1_12' title="bbox 95 1683 1178 1814; baseline 0.004 -58"><span class='ocrx_word' id='word_1_74' title='bbox 95 1692 301 1760; x_wconf 83' lang='grc' dir='ltr'><strong><em>συνδίδενται</em></strong></span> <span class='ocrx_word' id='word_1_75' title='bbox 332 1696 394 1775; x_wconf 81' lang='grc' dir='ltr'><strong><em>μὲν</em></strong></span> <span class='ocrx_word' id='word_1_76' title='bbox 418 1687 572 1780; x_wconf 75' lang='grc' dir='ltr'><strong><em>εὐλαβείᾳ</em></strong></span> <span class='ocrx_word' id='word_1_77' title='bbox 596 1683 725 1765; x_wconf 88' lang='grc' dir='ltr'><strong><em>δούλοις</em></strong></span> <span class='ocrx_word' id='word_1_78' title='bbox 749 1683 933 1814; x_wconf 80' lang='grc' dir='ltr'><strong><em>πρεπούση·</em></strong></span> <span class='ocrx_word' id='word_1_79' title='bbox 970 1687 1117 1758; x_wconf 81' lang='grc' dir='ltr'><strong><em>ἀνίενται</em></strong></span> <span class='ocrx_word' id='word_1_80' title='bbox 1142 1695 1178 1760; x_wconf 79' lang='grc' dir='ltr'><strong><em>δδ</em></strong></span> 
     </span>
     <span class='ocr_line' id='line_1_13' title="bbox 94 1780 1179 1886; baseline 0.004 -23"><span class='ocrx_word' id='word_1_81' title='bbox 94 1793 214 1877; x_wconf 86' lang='grc' dir='ltr'><strong><em>ἀλλοις,</em></strong></span> <span class='ocrx_word' id='word_1_82' title='bbox 236 1797 329 1866; x_wconf 79' lang='grc' dir='ltr'><strong><em>καί”</em></strong></span> <span class='ocrx_word' id='word_1_83' title='bbox 311 1820 419 1886; x_wconf 84' lang='grc' dir='ltr'><strong><em>εχουσε</em></strong></span> <span class='ocrx_word' id='word_1_84' title='bbox 440 1792 479 1866; x_wconf 92' lang='grc' dir='ltr'><strong><em>τό</em></strong></span> <span class='ocrx_word' id='word_1_85' title='bbox 497 1799 533 1863; x_wconf 83' lang='grc' dir='ltr'><strong><em>ίν</em></strong></span> <span class='ocrx_word' id='word_1_86' title='bbox 548 1780 797 1878; x_wconf 77' lang='grc' dir='ltr'><strong><em>εὐαγγελίοις</em></strong></span> <span class='ocrx_word' id='word_1_87' title='bbox 766 1819 798 1862; x_wconf 87' lang='grc' dir='ltr'><strong><em>ευ</em></strong></span> <span class='ocrx_word' id='word_1_88' title='bbox 819 1791 873 1862; x_wconf 85' lang='grc' dir='ltr'><strong><em>διά</em></strong></span> <span class='ocrx_word' id='word_1_89' title='bbox 895 1793 933 1862; x_wconf 89' lang='grc' dir='ltr'><strong><em>τό</em></strong></span> <span class='ocrx_word' id='word_1_90' title='bbox 954 1797 1011 1878; x_wconf 81' lang='grc' dir='ltr'><strong><em>τ’ῆς</em></strong></span> <span class='ocrx_word' id='word_1_91' title='bbox 1032 1802 1179 1879; x_wconf 83' lang='grc' dir='ltr'><strong><em>δουλείας</em></strong></span> 
     </span>
    </p>
   </div>
   <div class='ocr_carea' id='block_1_3' title="bbox 96 1900 1368 2033">
    <p class='ocr_par' dir='ltr' id='par_1_4' title="bbox 96 1900 1368 2033">
     <span class='ocr_line' id='line_1_14' title="bbox 96 1900 1368 2033; baseline 0.004 -59"><span class='ocrx_word' id='word_1_92' title='bbox 96 1900 237 2033; x_wconf 74' lang='grc' dir='ltr'><strong><em>ἀγαθόν</em></strong></span> <span class='ocrx_word' id='word_1_93' title='bbox 263 1911 320 1972; x_wconf 83' lang='grc' dir='ltr'><strong><em>καὶ</em></strong></span> <span class='ocrx_word' id='word_1_94' title='bbox 345 1901 481 1988; x_wconf 87' lang='grc' dir='ltr'><strong><em>πιστόν,</em></strong></span> <span class='ocrx_word' id='word_1_95' title='bbox 522 1909 579 1973; x_wconf 80' lang='grc' dir='ltr'><strong><em>καί</em></strong></span> <span class='ocrx_word' id='word_1_96' title='bbox 599 1906 657 1993; x_wconf 78' lang='grc' dir='ltr'><strong><em>τῆς</em></strong></span> <span class='ocrx_word' id='word_1_97' title='bbox 677 1903 869 1993; x_wconf 79' lang='grc' dir='ltr'><strong><em>εὐχρηστίας</em></strong></span> <span class='ocrx_word' id='word_1_98' title='bbox 890 1902 1178 1995; x_wconf 77' lang='grc' dir='ltr'><strong><em>ἀντιλαμβάνουσι</em></strong></span> <span class='ocrx_word' id='word_1_99' title='bbox 1260 2001 1262 2005; x_wconf 20' lang='lat'><strong><em>¹</em></strong></span> <span class='ocrx_word' id='word_1_100' title='bbox 1366 1999 1368 2004; x_wconf 17' lang='grc' dir='ltr'>ι</span> 
     </span>
    </p>
   </div>
   <div class='ocr_carea' id='block_1_4' title="bbox 8 2009 1254 4154">
    <p class='ocr_par' dir='ltr' id='par_1_5' title="bbox 8 2009 1254 4154">
     <span class='ocr_line' id='line_1_15' title="bbox 93 2009 723 2106; baseline 0.003 -26"><span class='ocrx_word' id='word_1_101' title='bbox 93 2009 133 2082; x_wconf 86' lang='grc' dir='ltr'><strong><em>τό</em></strong></span> <span class='ocrx_word' id='word_1_102' title='bbox 154 2009 405 2106; x_wconf 78' lang='grc' dir='ltr'><strong><em>φιλάνθρωπον.</em></strong></span> <span class='ocrx_word' id='word_1_103' title='bbox 639 2091 641 2099; x_wconf 17' lang='grc' dir='ltr'><strong>Α</strong></span> <span class='ocrx_word' id='word_1_104' title='bbox 719 2083 723 2088; x_wconf 83' lang='grc'><strong><em>,</em></strong></span> 
     </span>
     <span class='ocr_line' id='line_1_16' title="bbox 177 2111 1178 2208; baseline 0.006 -22"><span class='ocrx_word' id='word_1_105' title='bbox 177 2120 210 2190; x_wconf 92' lang='grc'><strong><em>8.</em></strong></span> <span class='ocrx_word' id='word_1_106' title='bbox 240 2119 488 2208; x_wconf 86' lang='grc' dir='ltr'><strong><em>Ἀναβοήσομαι</em></strong></span> <span class='ocrx_word' id='word_1_107' title='bbox 514 2115 597 2207; x_wconf 88' lang='grc' dir='ltr'><strong><em>πρός</em></strong></span> <span class='ocrx_word' id='word_1_108' title='bbox 625 2117 753 2200; x_wconf 82' lang='grc' dir='ltr'><strong><em>τούτοις</em></strong></span> <span class='ocrx_word' id='word_1_109' title='bbox 780 2123 835 2189; x_wconf 76' lang='grc' dir='ltr'><strong><em>καί</em></strong></span> <span class='ocrx_word' id='word_1_110' title='bbox 860 2117 903 2188; x_wconf 89' lang='grc' dir='ltr'><strong><em>τά</em></strong></span> <span class='ocrx_word' id='word_1_111' title='bbox 924 2121 987 2190; x_wconf 78' lang='grc' dir='ltr'><strong><em>τῶν</em></strong></span> <span class='ocrx_word' id='word_1_112' title='bbox 1009 2111 1178 2204; x_wconf 88' lang='grc' dir='ltr'><strong><em>Παιόνων,</em></strong></span> 
     </span>
     <span class='ocr_line' id='line_1_17' title="bbox 8 2226 1178 2322; baseline 0.001 -24"><span class='ocrx_word' id='word_1_113' title='bbox 8 2263 10 2270; x_wconf 93' lang='grc'><strong><em>·</em></strong></span> <span class='ocrx_word' id='word_1_114' title='bbox 100 2230 221 2309; x_wconf 80' lang='grc' dir='ltr'><strong><em>ἔθνους</em></strong></span> <span class='ocrx_word' id='word_1_115' title='bbox 249 2226 367 2297; x_wconf 89' lang='grc' dir='ltr'><strong><em>τούτου</em></strong></span> <span class='ocrx_word' id='word_1_116' title='bbox 393 2229 563 2316; x_wconf 69' lang='grc' dir='ltr'><strong><em>μεγίστου,</em></strong></span> <span class='ocrx_word' id='word_1_117' title='bbox 590 2233 646 2296; x_wconf 83' lang='grc' dir='ltr'><strong><em>καλ</em></strong></span> <span class='ocrx_word' id='word_1_118' title='bbox 667 2229 729 2316; x_wconf 76' lang='grc' dir='ltr'><strong><em>τήν</em></strong></span> <span class='ocrx_word' id='word_1_119' title='bbox 755 2227 860 2298; x_wconf 86' lang='grc' dir='ltr'><strong><em>πάλαι</em></strong></span> <span class='ocrx_word' id='word_1_120' title='bbox 889 2226 1003 2322; x_wconf 78' lang='grc' dir='ltr'><strong><em>(μήνην</em></strong></span> <span class='ocrx_word' id='word_1_121' title='bbox 1023 2235 1079 2298; x_wconf 85' lang='grc' dir='ltr'><strong><em>καλ</em></strong></span> <span class='ocrx_word' id='word_1_122' title='bbox 1101 2231 1178 2310; x_wconf 88' lang='grc' dir='ltr'><strong><em>τούς</em></strong></span> 
     </span>
     <span class='ocr_line' id='line_1_18' title="bbox 101 2331 1181 2427; baseline 0 -21"><span class='ocrx_word' id='word_1_123' title='bbox 101 2338 259 2427; x_wconf 84' lang='grc' dir='ltr'><strong><em>ἀρχαίους</em></strong></span> <span class='ocrx_word' id='word_1_124' title='bbox 284 2331 381 2423; x_wconf 73' lang='grc' dir='ltr'><strong><em>ὅρους</em></strong></span> <span class='ocrx_word' id='word_1_125' title='bbox 407 2333 678 2424; x_wconf 81' lang='grc' dir='ltr'><strong><em>ὐπερελάσαντος.</em></strong></span> <span class='ocrx_word' id='word_1_126' title='bbox 716 2335 967 2424; x_wconf 79' lang='grc' dir='ltr'><strong><em>Ἀυαιιράξομαι,</em></strong></span> <span class='ocrx_word' id='word_1_127' title='bbox 989 2332 1032 2415; x_wconf 81' lang='grc' dir='ltr'><strong><em>ὡς</em></strong></span> <span class='ocrx_word' id='word_1_128' title='bbox 1053 2337 1181 2418; x_wconf 79' lang='grc' dir='ltr'><strong><em>πάντας</em></strong></span> 
     </span>
     <span class='ocr_line' id='line_1_19' title="bbox 99 2437 1182 2537; baseline -0.001 -22"><span class='ocrx_word' id='word_1_129' title='bbox 99 2445 142 2515; x_wconf 85' lang='grc' dir='ltr'><strong><em>ἀν</em></strong></span> <span class='ocrx_word' id='word_1_130' title='bbox 163 2443 282 2527; x_wconf 82' lang='grc' dir='ltr'><strong><em>αὐτούς</em></strong></span> <span class='ocrx_word' id='word_1_131' title='bbox 302 2437 384 2514; x_wconf 83' lang='grc' dir='ltr'><strong><em>εἶναι</em></strong></span> <span class='ocrx_word' id='word_1_132' title='bbox 405 2471 454 2526; x_wconf 87' lang='grc' dir='ltr'><strong><em>τις</em></strong></span> <span class='ocrx_word' id='word_1_133' title='bbox 474 2443 549 2530; x_wconf 88' lang='grc' dir='ltr'><strong><em>ἀρτι</em></strong></span> <span class='ocrx_word' id='word_1_134' title='bbox 572 2440 771 2533; x_wconf 80' lang='grc' dir='ltr'><strong><em>στοχάσητατ</em></strong></span> <span class='ocrx_word' id='word_1_135' title='bbox 790 2446 917 2531; x_wconf 78' lang='grc' dir='ltr'><strong><em>μᾶλλον</em></strong></span> <span class='ocrx_word' id='word_1_136' title='bbox 935 2448 1016 2537; x_wconf 83' lang='grc' dir='ltr'><strong><em>ἤπερ</em></strong></span> <span class='ocrx_word' id='word_1_137' title='bbox 1035 2452 1182 2536; x_wconf 81' lang='grc' dir='ltr'><strong><em>τεχνίτας</em></strong></span> 
     </span>
     <span class='ocr_line' id='line_1_20' title="bbox 99 2548 1183 2677; baseline 0.002 -57"><span class='ocrx_word' id='word_1_138' title='bbox 99 2550 237 2677; x_wconf 75' lang='grc' dir='ltr'><strong><em>τάξεως,</em></strong></span> <span class='ocrx_word' id='word_1_139' title='bbox 256 2557 311 2621; x_wconf 85' lang='grc' dir='ltr'><strong><em>και</em></strong></span> <span class='ocrx_word' id='word_1_140' title='bbox 331 2549 473 2636; x_wconf 88' lang='grc' dir='ltr'><strong><em>πόλεμον</em></strong></span> <span class='ocrx_word' id='word_1_141' title='bbox 497 2551 624 2631; x_wconf 81' lang='grc' dir='ltr'><strong><em>εἰδότας</em></strong></span> <span class='ocrx_word' id='word_1_142' title='bbox 645 2579 701 2620; x_wconf 91' lang='grc' dir='ltr'><strong><em>και</em></strong></span> <span class='ocrx_word' id='word_1_143' title='bbox 723 2548 810 2620; x_wconf 81' lang='grc' dir='ltr'><strong><em>ὅπλα</em></strong></span> <span class='ocrx_word' id='word_1_144' title='bbox 833 2551 973 2643; x_wconf 84' lang='grc' dir='ltr'><strong><em>μάχιμα.</em></strong></span> <span class='ocrx_word' id='word_1_145' title='bbox 1016 2552 1107 2623; x_wconf 76' lang='grc' dir='ltr'><strong><em>(λύσω</em></strong></span> <span class='ocrx_word' id='word_1_146' title='bbox 1126 2559 1183 2623; x_wconf 85' lang='grc' dir='ltr'><strong><em>καλ</em></strong></span> 
     </span>
     <span class='ocr_line' id='line_1_21' title="bbox 101 2653 1184 2788; baseline 0.005 -62"><span class='ocrx_word' id='word_1_147' title='bbox 101 2657 195 2764; x_wconf 81' lang='grc' dir='ltr'><strong><em>αὐτόὶ</em></strong></span> <span class='ocrx_word' id='word_1_148' title='bbox 215 2661 261 2744; x_wconf 78' lang='grc' dir='ltr'><strong><em>τῷ</em></strong></span> <span class='ocrx_word' id='word_1_149' title='bbox 278 2655 446 2743; x_wconf 88' lang='grc' dir='ltr'><strong><em>Ῥωμαίων</em></strong></span> <span class='ocrx_word' id='word_1_150' title='bbox 459 2661 623 2746; x_wconf 84' lang='grc' dir='ltr'><strong><em>βασιλεῖ’</em></strong></span> <span class='ocrx_word' id='word_1_151' title='bbox 604 2662 771 2748; x_wconf 88' lang='grc' dir='ltr'><strong><em>ανταίρειν</em></strong></span> <span class='ocrx_word' id='word_1_152' title='bbox 788 2653 897 2729; x_wconf 79' lang='grc' dir='ltr'><strong><em>ὅπλων</em></strong></span> <span class='ocrx_word' id='word_1_153' title='bbox 913 2658 1106 2788; x_wconf 73' lang='grc' dir='ltr'><strong><em>άπὲμαθογ,</em></strong></span> <span class='ocrx_word' id='word_1_154' title='bbox 1128 2667 1184 2732; x_wconf 80' lang='grc' dir='ltr'><strong><em>καί</em></strong></span> 
     </span>
     <span class='ocr_line' id='line_1_22' title="bbox 99 2756 1205 2898; baseline 0.002 -62"><span class='ocrx_word' id='word_1_155' title='bbox 99 2772 132 2836; x_wconf 85' lang='grc' dir='ltr'><strong><em>οἱ</em></strong></span> <span class='ocrx_word' id='word_1_156' title='bbox 150 2756 227 2852; x_wconf 76' lang='grc' dir='ltr'><strong><em>πρὶν</em></strong></span> <span class='ocrx_word' id='word_1_157' title='bbox 244 2762 400 2850; x_wconf 82' lang='grc' dir='ltr'><strong><em>ἀβέβαιοι</em></strong></span> <span class='ocrx_word' id='word_1_158' title='bbox 420 2773 489 2847; x_wconf 78' lang='grc' dir='ltr'><strong><em>τοῖς</em></strong></span> <span class='ocrx_word' id='word_1_159' title='bbox 509 2767 709 2898; x_wconf 82' lang='grc' dir='ltr'><strong><em>βουλεύμασι</em></strong></span> <span class='ocrx_word' id='word_1_160' title='bbox 729 2795 785 2837; x_wconf 85' lang='grc' dir='ltr'><strong><em>και</em></strong></span> <span class='ocrx_word' id='word_1_161' title='bbox 805 2770 1024 2846; x_wconf 83' lang='grc' dir='ltr'><strong><em>ἀστατοῦντες</em></strong></span> <span class='ocrx_word' id='word_1_162' title='bbox 1046 2765 1104 2860; x_wconf 79' lang='grc' dir='ltr'><strong><em>οὐχ</em></strong></span> <span class='ocrx_word' id='word_1_163' title='bbox 1124 2761 1184 2854; x_wconf 78' lang='grc' dir='ltr'><strong><em>ἦε·</em></strong></span> <span class='ocrx_word' id='word_1_164' title='bbox 1204 2813 1205 2820; x_wconf 44' lang='lat'>1</span> 
     </span>
     <span class='ocr_line' id='line_1_23' title="bbox 101 2869 1186 2970; baseline 0.002 -28"><span class='ocrx_word' id='word_1_165' title='bbox 101 2899 171 2953; x_wconf 90' lang='grc' dir='ltr'><strong><em>τον,</em></strong></span> <span class='ocrx_word' id='word_1_166' title='bbox 191 2869 211 2956; x_wconf 75' lang='grc' dir='ltr'><strong><em>ἢ</em></strong></span> <span class='ocrx_word' id='word_1_167' title='bbox 230 2901 248 2941; x_wconf 92' lang='grc' dir='ltr'><strong><em>ο</em></strong></span> <span class='ocrx_word' id='word_1_168' title='bbox 239 2873 413 2964; x_wconf 51' lang='grc' dir='ltr'><strong><em>(παραρῤέ</em></strong></span> <span class='ocrx_word' id='word_1_169' title='bbox 414 2899 459 2940; x_wconf 91' lang='grc' dir='ltr'><strong><em>ων</em></strong></span> <span class='ocrx_word' id='word_1_170' title='bbox 478 2873 597 2956; x_wconf 84' lang='grc' dir='ltr'><strong><em>αὐτοὺς</em></strong></span> <span class='ocrx_word' id='word_1_171' title='bbox 603 2870 787 2965; x_wconf 77' lang='grc' dir='ltr'><strong><em>Ἴστρος,“</em></strong></span> <span class='ocrx_word' id='word_1_172' title='bbox 768 2901 808 2944; x_wconf 90' lang='grc' dir='ltr'><strong><em>ον</em></strong></span> <span class='ocrx_word' id='word_1_173' title='bbox 825 2901 868 2958; x_wconf 87' lang='grc' dir='ltr'><strong><em>εις</em></strong></span> <span class='ocrx_word' id='word_1_174' title='bbox 886 2872 1071 2970; x_wconf 77' lang='grc' dir='ltr'><strong><em>ἀσφάλειαν</em></strong></span> <span class='ocrx_word' id='word_1_175' title='bbox 1088 2902 1186 2964; x_wconf 83' lang='grc' dir='ltr'><strong><em>προε-</em></strong></span> 
     </span>
     <span class='ocr_line' id='line_1_24' title="bbox 102 2973 1254 3108; baseline 0.008 -60"><span class='ocrx_word' id='word_1_176' title='bbox 102 2979 282 3108; x_wconf 84' lang='grc' dir='ltr'><strong><em>βάλλοντο,</em></strong></span> <span class='ocrx_word' id='word_1_177' title='bbox 310 2987 370 3050; x_wconf 85' lang='grc' dir='ltr'><strong><em>νῦν</em></strong></span> <span class='ocrx_word' id='word_1_178' title='bbox 394 2977 561 3066; x_wconf 81' lang='grc' dir='ltr'><strong><em>πεπηγασι</em></strong></span> <span class='ocrx_word' id='word_1_179' title='bbox 585 2989 640 3052; x_wconf 81' lang='grc' dir='ltr'><strong><em>καὶ</em></strong></span> <span class='ocrx_word' id='word_1_180' title='bbox 668 3010 713 3070; x_wconf 85' lang='grc' dir='ltr'><strong><em>τῳ</em></strong></span> <span class='ocrx_word' id='word_1_181' title='bbox 700 2986 795 3052; x_wconf 87' lang='grc' dir='ltr'><strong><em>δίει</em></strong></span> <span class='ocrx_word' id='word_1_182' title='bbox 815 2991 876 3072; x_wconf 78' lang='grc' dir='ltr'><strong><em>μὲν</em></strong></span> <span class='ocrx_word' id='word_1_183' title='bbox 895 2987 1070 3072; x_wconf 78' lang='grc' dir='ltr'><strong><em>βασιλικῷ,</em></strong></span> <span class='ocrx_word' id='word_1_184' title='bbox 1099 2983 1185 3057; x_wconf 84' lang='grc' dir='ltr'><strong><em>ἀλλά</em></strong></span> <span class='ocrx_word' id='word_1_185' title='bbox 1250 2973 1254 2986; x_wconf 55' lang='grc'>’</span> 
     </span>
     <span class='ocr_line' id='line_1_25' title="bbox 103 3087 1186 3182; baseline 0.004 -23"><span class='ocrx_word' id='word_1_186' title='bbox 103 3117 159 3160; x_wconf 84' lang='grc' dir='ltr'><strong><em>και</em></strong></span> <span class='ocrx_word' id='word_1_187' title='bbox 180 3087 224 3168; x_wconf 84' lang='grc' dir='ltr'><strong><em>εἰς</em></strong></span> <span class='ocrx_word' id='word_1_188' title='bbox 242 3089 323 3174; x_wconf 85' lang='grc' dir='ltr'><strong><em>μίαν</em></strong></span> <span class='ocrx_word' id='word_1_189' title='bbox 344 3087 521 3176; x_wconf 79' lang='grc' dir='ltr'><strong><em>βουλην”</em></strong></span> <span class='ocrx_word' id='word_1_190' title='bbox 488 3115 633 3182; x_wconf 74' lang='grc' dir='ltr'><strong><em>ευςιρονα</em></strong></span> <span class='ocrx_word' id='word_1_191' title='bbox 656 3090 828 3180; x_wconf 87' lang='grc' dir='ltr'><strong><em>στάσιμον.</em></strong></span> <span class='ocrx_word' id='word_1_192' title='bbox 867 3091 911 3164; x_wconf 86' lang='grc' dir='ltr'><strong><em>Ἡ</em></strong></span> <span class='ocrx_word' id='word_1_193' title='bbox 932 3096 965 3161; x_wconf 78' lang='grc' dir='ltr'><strong><em>δέ</em></strong></span> <span class='ocrx_word' id='word_1_194' title='bbox 981 3101 1050 3163; x_wconf 77' lang='grc' dir='ltr'><strong><em>ἐστι</em></strong></span> <span class='ocrx_word' id='word_1_195' title='bbox 1066 3093 1104 3162; x_wconf 88' lang='grc' dir='ltr'><strong><em>τό</em></strong></span> <span class='ocrx_word' id='word_1_196' title='bbox 1122 3123 1186 3180; x_wconf 87' lang='grc' dir='ltr'><strong><em>μη-</em></strong></span> 
     </span>
     <span class='ocr_line' id='line_1_26' title="bbox 104 3194 1185 3287; baseline 0.007 -21"><span class='ocrx_word' id='word_1_197' title='bbox 104 3201 174 3266; x_wconf 83' lang='grc' dir='ltr'><strong><em>νίει</em></strong></span> <span class='ocrx_word' id='word_1_198' title='bbox 200 3194 396 3276; x_wconf 42' lang='grc' dir='ltr'><strong><em>κινδύνοις(</em></strong></span> <span class='ocrx_word' id='word_1_199' title='bbox 381 3198 517 3276; x_wconf 85' lang='grc' dir='ltr'><strong><em>ιαυτούς</em></strong></span> <span class='ocrx_word' id='word_1_200' title='bbox 537 3197 777 3285; x_wconf 86' lang='grc' dir='ltr'><strong><em>παραβάλλειν,</em></strong></span> <span class='ocrx_word' id='word_1_201' title='bbox 808 3199 893 3268; x_wconf 86' lang='grc' dir='ltr'><strong><em>ἀλλά</em></strong></span> <span class='ocrx_word' id='word_1_202' title='bbox 914 3208 961 3287; x_wconf 76' lang='grc' dir='ltr'><strong><em>τῷ</em></strong></span> <span class='ocrx_word' id='word_1_203' title='bbox 980 3205 1114 3287; x_wconf 83' lang='grc' dir='ltr'><strong><em>βασιλεῖ</em></strong></span> <span class='ocrx_word' id='word_1_204' title='bbox 1130 3229 1185 3273; x_wconf 86' lang='grc' dir='ltr'><strong><em>πε-</em></strong></span> 
     </span>
     <span class='ocr_line' id='line_1_27' title="bbox 106 3301 1216 3432; baseline 0.005 -57"><span class='ocrx_word' id='word_1_205' title='bbox 106 3313 182 3384; x_wconf 86' lang='grc' dir='ltr'><strong><em>σεῑν</em></strong></span> <span class='ocrx_word' id='word_1_206' title='bbox 194 3302 259 3374; x_wconf 84' lang='grc' dir='ltr'><strong><em>ὐπὸ</em></strong></span> <span class='ocrx_word' id='word_1_207' title='bbox 284 3301 407 3387; x_wconf 88' lang='grc' dir='ltr'><strong><em>πόδας,</em></strong></span> <span class='ocrx_word' id='word_1_208' title='bbox 434 3311 489 3372; x_wconf 85' lang='grc' dir='ltr'><strong><em>καὶ</em></strong></span> <span class='ocrx_word' id='word_1_209' title='bbox 510 3313 588 3432; x_wconf 81' lang='grc' dir='ltr'><strong><em>τέμς</em></strong></span> <span class='ocrx_word' id='word_1_210' title='bbox 606 3311 664 3391; x_wconf 78' lang='grc' dir='ltr'><strong><em>μὲν</em></strong></span> <span class='ocrx_word' id='word_1_211' title='bbox 685 3315 728 3385; x_wconf 84' lang='grc' dir='ltr'><strong><em>είς</em></strong></span> <span class='ocrx_word' id='word_1_212' title='bbox 750 3305 1012 3397; x_wconf 82' lang='grc' dir='ltr'><strong><em>δυσάπησιν,</em></strong></span> <span class='ocrx_word' id='word_1_213' title='bbox 982 3337 1067 3386; x_wconf 86' lang='grc' dir='ltr'><strong><em>ειτα</em></strong></span> <span class='ocrx_word' id='word_1_214' title='bbox 1072 3339 1126 3380; x_wconf 91' lang='grc' dir='ltr'><strong><em>και</em></strong></span> <span class='ocrx_word' id='word_1_215' title='bbox 1147 3311 1187 3380; x_wconf 78' lang='grc' dir='ltr'><strong><em>ά·</em></strong></span> <span class='ocrx_word' id='word_1_216' title='bbox 1213 3315 1216 3322; x_wconf 86' lang='grc'><strong>’</strong></span> 
     </span>
     <span class='ocr_line' id='line_1_28' title="bbox 106 3409 1188 3510; baseline 0.003 -27"><span class='ocrx_word' id='word_1_217' title='bbox 106 3414 285 3498; x_wconf 81' lang='grc' dir='ltr'><strong><em>ναστῆναι,</em></strong></span> <span class='ocrx_word' id='word_1_218' title='bbox 306 3416 361 3480; x_wconf 85' lang='grc' dir='ltr'><strong><em>καὶ</em></strong></span> <span class='ocrx_word' id='word_1_219' title='bbox 382 3411 424 3479; x_wconf 87' lang='grc' dir='ltr'><strong><em>τά</em></strong></span> <span class='ocrx_word' id='word_1_220' title='bbox 439 3413 497 3510; x_wconf 77' lang='grc' dir='ltr'><strong><em>τῆς</em></strong></span> <span class='ocrx_word' id='word_1_221' title='bbox 515 3409 633 3492; x_wconf 87' lang='grc' dir='ltr'><strong><em>οικείας</em></strong></span> <span class='ocrx_word' id='word_1_222' title='bbox 651 3423 711 3503; x_wconf 78' lang='grc' dir='ltr'><strong><em>γῆς</em></strong></span> <span class='ocrx_word' id='word_1_223' title='bbox 729 3423 849 3509; x_wconf 69' lang='grc' dir='ltr'><strong><em>φαγεῖν</em></strong></span> <span class='ocrx_word' id='word_1_224' title='bbox 867 3414 1001 3502; x_wconf 78' lang='grc' dir='ltr'><strong><em>ἀγαθά.</em></strong></span> <span class='ocrx_word' id='word_1_225' title='bbox 1038 3417 1106 3488; x_wconf 81' lang='grc' dir='ltr'><strong><em>Ἔτι</em></strong></span> <span class='ocrx_word' id='word_1_226' title='bbox 1127 3418 1188 3498; x_wconf 90' lang='grc' dir='ltr'><strong><em>τάς</em></strong></span> 
     </span>
     <span class='ocr_line' id='line_1_29' title="bbox 107 3512 1189 3655; baseline 0.007 -68"><span class='ocrx_word' id='word_1_227' title='bbox 107 3512 400 3650; x_wconf 79' lang='grc' dir='ltr'><strong><em>σιδηροκρμτήτσνς</em></strong></span> <span class='ocrx_word' id='word_1_228' title='bbox 417 3513 510 3584; x_wconf 86' lang='grc' dir='ltr'><strong><em>αὐτοὶ</em></strong></span> <span class='ocrx_word' id='word_1_229' title='bbox 524 3519 664 3607; x_wconf 81' lang='grc' dir='ltr'><strong><em>κορύνας</em></strong></span> <span class='ocrx_word' id='word_1_230' title='bbox 679 3517 891 3614; x_wconf 84' lang='grc' dir='ltr'><strong><em>αίρομὲνας’</em></strong></span> <span class='ocrx_word' id='word_1_231' title='bbox 873 3549 1007 3604; x_wconf 84' lang='grc' dir='ltr'><strong><em>εκαστος</em></strong></span> <span class='ocrx_word' id='word_1_232' title='bbox 1021 3534 1189 3655; x_wconf 83' lang='grc' dir='ltr'><strong><em>προορῶν-</em></strong></span> 
     </span>
     <span class='ocr_line' id='line_1_30' title="bbox 64 3611 1186 3718; baseline 0.005 -24"><span class='ocrx_word' id='word_1_233' title='bbox 64 3611 69 3622; x_wconf 42' lang='grc'><strong><em>’</em></strong></span> <span class='ocrx_word' id='word_1_234' title='bbox 107 3655 163 3695; x_wconf 90' lang='grc' dir='ltr'><strong><em>ται</em></strong></span> <span class='ocrx_word' id='word_1_235' title='bbox 181 3653 266 3694; x_wconf 88' lang='grc' dir='ltr'><strong><em>κατα</em></strong></span> <span class='ocrx_word' id='word_1_236' title='bbox 257 3624 448 3718; x_wconf 72' lang='grc' dir='ltr'><strong><em>κεφαλῆς,</em></strong></span> <span class='ocrx_word' id='word_1_237' title='bbox 470 3619 560 3693; x_wconf 49' lang='grc' dir='ltr'><strong><em>δι’*</em></strong></span> <span class='ocrx_word' id='word_1_238' title='bbox 536 3654 580 3696; x_wconf 90' lang='grc' dir='ltr'><strong><em>ωυ</em></strong></span> <span class='ocrx_word' id='word_1_239' title='bbox 603 3633 854 3718; x_wconf 85' lang='grc' dir='ltr'><strong><em>συνετρίβησαν·</em></strong></span> <span class='ocrx_word' id='word_1_240' title='bbox 885 3632 932 3700; x_wconf 83' lang='grc' dir='ltr'><strong><em>ἔτι</em></strong></span> <span class='ocrx_word' id='word_1_241' title='bbox 949 3631 991 3698; x_wconf 85' lang='grc' dir='ltr'><strong><em>τά</em></strong></span> <span class='ocrx_word' id='word_1_242' title='bbox 1010 3635 1077 3716; x_wconf 81' lang='grc' dir='ltr'><strong><em>ι’ξ’</em></strong></span> <span class='ocrx_word' id='word_1_243' title='bbox 1061 3636 1186 3702; x_wconf 83' lang='grc' dir='ltr'><strong><em>εκείνων</em></strong></span> 
     </span>
     <span class='ocr_line' id='line_1_31' title="bbox 107 3731 1220 3840; baseline 0.007 -38"><span class='ocrx_word' id='word_1_244' title='bbox 107 3737 337 3821; x_wconf 86' lang='grc' dir='ltr'><strong><em>συντρίμματα</em></strong></span> <span class='ocrx_word' id='word_1_245' title='bbox 352 3731 479 3812; x_wconf 78' lang='grc' dir='ltr'><strong><em>τούτοις</em></strong></span> <span class='ocrx_word' id='word_1_246' title='bbox 493 3736 717 3820; x_wconf 78' lang='grc' dir='ltr'><strong><em>ἐγγέγλυπται.</em></strong></span> <span class='ocrx_word' id='word_1_247' title='bbox 740 3740 798 3824; x_wconf 83' lang='grc' dir='ltr'><strong><em>Διό</em></strong></span> <span class='ocrx_word' id='word_1_248' title='bbox 810 3735 1109 3827; x_wconf 55' lang='grc' dir='ltr'><strong><em>κυὶιάποτρόπαιον</em></strong></span> <span class='ocrx_word' id='word_1_249' title='bbox 1128 3739 1191 3810; x_wconf 80' lang='grc' dir='ltr'><strong><em>αὐ·</em></strong></span> <span class='ocrx_word' id='word_1_250' title='bbox 1216 3823 1220 3840; x_wconf 32' lang='lat'>⁸</span> 
     </span>
     <span class='ocr_line' id='line_1_32' title="bbox 107 3840 1189 3937; baseline 0.007 -27"><span class='ocrx_word' id='word_1_251' title='bbox 107 3849 177 3922; x_wconf 81' lang='grc' dir='ltr'><strong><em>τοῖς</em></strong></span> <span class='ocrx_word' id='word_1_252' title='bbox 201 3872 220 3928; x_wconf 89' lang='grc' dir='ltr'><strong><em>η</em></strong></span> <span class='ocrx_word' id='word_1_253' title='bbox 243 3840 363 3929; x_wconf 87' lang='grc' dir='ltr'><strong><em>κορύνη</em></strong></span> <span class='ocrx_word' id='word_1_254' title='bbox 379 3846 472 3930; x_wconf 82' lang='grc' dir='ltr'><strong><em>μέχρι</em></strong></span> <span class='ocrx_word' id='word_1_255' title='bbox 494 3846 548 3909; x_wconf 88' lang='grc' dir='ltr'><strong><em>κσά</em></strong></span> <span class='ocrx_word' id='word_1_256' title='bbox 568 3848 670 3927; x_wconf 73' lang='grc' dir='ltr'><strong><em>θέας,</em></strong></span> <span class='ocrx_word' id='word_1_257' title='bbox 698 3851 795 3937; x_wconf 78' lang='grc' dir='ltr'><strong><em>μέχρι</em></strong></span> <span class='ocrx_word' id='word_1_258' title='bbox 816 3853 871 3914; x_wconf 82' lang='grc' dir='ltr'><strong><em>καὶ</em></strong></span> <span class='ocrx_word' id='word_1_259' title='bbox 893 3843 995 3916; x_wconf 88' lang='grc' dir='ltr'><strong><em>αὐτοῦ</em></strong></span> <span class='ocrx_word' id='word_1_260' title='bbox 1015 3845 1189 3933; x_wconf 80' lang='grc' dir='ltr'><strong><em>ὀνόματος.</em></strong></span> 
     </span>
     <span class='ocr_line' id='line_1_33' title="bbox 106 3943 1189 4043; baseline 0.008 -25"><span class='ocrx_word' id='word_1_261' title='bbox 106 3954 177 4018; x_wconf 80' lang='grc' dir='ltr'><strong><em>Καὶ</em></strong></span> <span class='ocrx_word' id='word_1_262' title='bbox 201 3949 253 4029; x_wconf 74' lang='grc' dir='ltr'><strong><em>(τό</em></strong></span> <span class='ocrx_word' id='word_1_263' title='bbox 276 3949 460 4035; x_wconf 90' lang='grc' dir='ltr'><strong><em>τεράστιον)</em></strong></span> <span class='ocrx_word' id='word_1_264' title='bbox 482 3943 592 4018; x_wconf 79' lang='grc' dir='ltr'><strong><em>ὅπλων</em></strong></span> <span class='ocrx_word' id='word_1_265' title='bbox 611 3957 672 4036; x_wconf 75' lang='grc' dir='ltr'><strong><em>μὲν</em></strong></span> <span class='ocrx_word' id='word_1_266' title='bbox 695 3957 811 4041; x_wconf 79' lang='grc' dir='ltr'><strong><em>ἑτέρων</em></strong></span> <span class='ocrx_word' id='word_1_267' title='bbox 837 3951 919 4038; x_wconf 81' lang='grc' dir='ltr'><strong><em>όεμιν</em></strong></span> <span class='ocrx_word' id='word_1_268' title='bbox 942 3953 1112 4043; x_wconf 79' lang='grc' dir='ltr'><strong><em>ἀνέχοντες</em></strong></span> <span class='ocrx_word' id='word_1_269' title='bbox 1134 3962 1189 4029; x_wconf 78' lang='grc' dir='ltr'><strong><em>καὶ</em></strong></span> 
     </span>
     <span class='ocr_line' id='line_1_34' title="bbox 107 4053 1188 4154; baseline 0.002 -22"><span class='ocrx_word' id='word_1_270' title='bbox 107 4059 245 4150; x_wconf 72' lang='grc' dir='ltr'><strong><em>ὁρωντες</em></strong></span> <span class='ocrx_word' id='word_1_271' title='bbox 266 4053 367 4141; x_wconf 86' lang='grc' dir='ltr'><strong><em>αὐτὰ,</em></strong></span> <span class='ocrx_word' id='word_1_272' title='bbox 386 4060 439 4128; x_wconf 81' lang='grc' dir='ltr'><strong><em>ἐπὶ</em></strong></span> <span class='ocrx_word' id='word_1_273' title='bbox 456 4055 566 4150; x_wconf 83' lang='grc' dir='ltr'><strong><em>χώρας</em></strong></span> <span class='ocrx_word' id='word_1_274' title='bbox 584 4061 736 4147; x_wconf 86' lang='grc' dir='ltr'><strong><em>μένουσι,</em></strong></span> <span class='ocrx_word' id='word_1_275' title='bbox 757 4067 813 4135; x_wconf 79' lang='grc' dir='ltr'><strong><em>καί</em></strong></span> <span class='ocrx_word' id='word_1_276' title='bbox 831 4058 924 4132; x_wconf 79' lang='grc' dir='ltr'><strong><em>οὐδέν</em></strong></span> <span class='ocrx_word' id='word_1_277' title='bbox 945 4087 977 4134; x_wconf 90' lang='grc' dir='ltr'><strong><em>τι</em></strong></span> <span class='ocrx_word' id='word_1_278' title='bbox 997 4061 1079 4154; x_wconf 87' lang='grc' dir='ltr'><strong><em>πρὸς</em></strong></span> <span class='ocrx_word' id='word_1_279' title='bbox 1097 4069 1188 4134; x_wconf 70' lang='grc' dir='ltr'><strong><em>βίαν</em></strong></span> 
     </span>
    </p>
   </div>
   <div class='ocr_carea' id='block_1_5' title="bbox 0 0 1473 4774">
    <p class='ocr_par' dir='ltr' id='par_1_6' title="bbox 0 0 1473 4774">
     <span class='ocr_line' id='line_1_35' title="bbox 0 0 1473 4774; baseline 0 0"><span class='ocrx_word' id='word_1_280' title='bbox 0 0 1473 4774; x_wconf 95' lang='lat' dir='ltr'><strong><em> </em></strong></span> 
     </span>
    </p>
   </div>
  </div>
 </body>
</html>
