2750 4780
444 439 754 493 cantationis-:M-
920 444 924 452 ’
1064 451 1134 500 xct

74 585 174 650 uicinus
188 587 294 672 Byens
307 533 431 671 putati.
446 605 474 652 c.
494 608 525 671 p.
542 587 612 654 176.
653 589 716 654 llos
727 603 826 656 maren
839 547 916 658 inter
935 595 1135 684 Strymoniae,
1216 586 1220 596 ¹

74 688 209 774 aquibus
228 689 501 776 amphipolitanam
526 691 657 758 maninus
683 707 713 758 et
735 693 960 782 Philippeum
980 700 1135 785 regionem

71 793 211 858 obsessam
230 809 318 880 puto,
338 793 643 881 Thessalonicamque
662 796 790 881 sedisse,
812 822 920 866 nornen
940 825 1042 870 eorurn
1063 828 1136 891 pro·

74 896 159 962 babile
179 896 268 978 lacit,
295 899 376 984 quod
395 897 427 964 in
447 922 522 964 voce
542 899 625 966 urbis
649 903 847 970 Macedoniae
868 905 1136 988 hracho-(tter-

71 1003 137 1084 tiue)
155 1003 362 1089 deprehendo,
384 1025 473 1090 quarn
489 1005 662 1093 Strymonio
682 1006 758 1072 nrnri
777 1007 841 1072 lere
858 1010 1026 1096 appositam
1046 1013 1135 1080 tabu·

72 1107 111 1170 lue
131 1107 354 1195 geographicae
386 1108 581 1175 recentiorum
610 1108 786 1197 perhibente
814 1125 861 1176 eat
880 1133 924 1178 sc.
951 1113 1030 1182 inter
1057 1117 1137 1184 ostia

72 1211 138 1276 lucus
160 1211 277 1276 Bolbes
296 1211 441 1298 fluviique
461 1212 646 1303 Strymonis,
667 1215 737 1280 coll.
758 1214 855 1280 Nobis
874 1238 906 1302 p.
919 1217 961 1282 68
975 1242 1023 1306 sq.
1064 1225 1136 1287 Ma·

73 1308 171 1382 ritinoa
192 1315 305 1398 fuisse,
326 1318 530 1384 antecedentis
550 1319 715 1408 obsidionis
735 1318 865 1389 uenatio
884 1321 987 1404 docet,
1013 1328 1136 1408 Drugu·

71 1421 127 1488 bitis
142 1405 177 1490 et
196 1425 362 1511 Segodutis
384 1425 480 1512 tnagis
499 1422 533 1490 in
552 1417 650 1491 medie
671 1439 751 1491 terra
770 1423 984 1490 habitantibus.
1019 1426 1137 1507 ourani

71 1529 216 1615 propiores
237 1527 325 1594 etiarn
346 1529 582 1598 Thessalonicae
599 1526 633 1593 hi
651 1526 800 1594 Ruuchini
819 1528 914 1611 luere,
935 1541 997 1594 turn
1013 1529 1137 1618 navigia

71 1653 115 1696 aue
138 1632 307 1720 monoxylo
333 1631 365 1698 in
391 1633 486 1699 fluvio
507 1631 665 1700 Echedoro
686 1631 840 1712 (Gallico)
860 1631 1028 1714 habebant,
1057 1635 1137 1700 unde

71 1734 97 1798 in
115 1737 216 1802 sirium
236 1733 458 1820 Thermaicurn,
481 1750 583 1824 utpote
599 1734 711 1800 ciuitati
731 1750 851 1804 nostrae
870 1734 1000 1802 maxime
1021 1752 1139 1808 contet·

69 1839 141 1923 nini,
165 1839 393 1906 devehebantur
398 1865 410 1922 3
429 1840 476 1906 sin
490 1837 655 1928 Strymonii
674 1839 757 1904 ainus
773 1837 861 1906 litore
877 1838 1029 1923 tenebant,
1049 1865 1146 1927 prae-.
1190 1913 1192 1922 ,

68 1947 281 2031 lernaviguuda
308 1959 393 2010 erant
413 1945 605 2013 Chalcidicas
628 1943 846 2031 promontoria,
877 1958 909 2008 nt
926 1943 1022 2012 sinunt
1039 1945 1139 2011 Ther-

68 2049 187 2128 naicuni
207 2072 227 2114 a
247 2047 372 2114 meridie
391 2049 546 2116 intrarent.
587 2053 634 2114 De
649 2049 835 2142 Strymopiis
853 2046 1004 2116 srlariris
1028 2047 1062 2114 in
1077 2049 1139 2119 lina

67 2149 151 2238 hujus
172 2152 248 2230 belli
267 2154 414 2240 quaedam
433 2166 638 2222 annectentur·

411 2327 586 2418 Secnnda
612 2345 780 2418 obsidio·

137 2481 187 2546 En
213 2477 339 2564 primurn
364 2477 452 2546 brevi
475 2478 637 2545 interuallo
656 2491 759 2543 secuta
779 2487 843 2557 est,
872 2495 931 2541 nou
952 2476 1139 2544 cessantibus

67 2581 248 2664 quotidianis
273 2586 337 2648 lere
361 2583 581 2652 incursionibus
606 2583 638 2650 in
662 2582 729 2647 loeo
750 2579 816 2646 urbi
840 2578 976 2650 fluitirna.
1016 2582 1139 2668 Captivi

66 2685 203 2770 pernrnlti
223 2707 243 2750 e
262 2686 412 2754 Solarinis
430 2687 562 2770 abducti,
583 2702 672 2771 atque
689 2685 751 2750 alia
764 2684 874 2750 damna
887 2684 1140 2750 Thessalonicen·

66 2789 145 2854 sibus
165 2790 253 2856 illata
273 2806 353 2856 aunt.
394 2795 519 2857 Factum
537 2803 667 2876 quoque,
689 2803 734 2870 ut,
755 2811 822 2853 curn
841 2788 879 2852 de
900 2788 1074 2872 occupanda
1094 2789 1140 2856 ci·

64 2894 154 2962 ritate
180 2894 386 2962 indesinenter
412 2895 596 2980 cogitarent,
624 2894 738 2979 aliique
758 2893 819 2958 alia
839 2905 984 2958 tormenta
1003 2893 1141 2975 obsidio·

64 2998 141 3064 nulia
161 2999 357 3084 effingerent,
385 2997 533 3086 quispiam
553 2987 667 3080 exiis,
689 2996 859 3083 hujusmodi
878 2995 1140 3065 instrumentorum

64 3100 304 3168 fabricandoruun
319 3103 454 3190 peritior,
470 3103 537 3167 miri
553 3100 673 3167 artificii
687 3100 791 3167 turrirn
806 3101 949 3186 ligneam,
965 3123 1025 3186 qua
1039 3102 1141 3168 'l’hes-

62 3207 227 3272 salonicam
256 3223 335 3273 certo
365 3208 597 3294 expugnandam
628 3205 797 3288 asserebat,
826 3203 1024 3290 excogitaret.
1072 3208 1140 3294 Ap·

62 3311 207 3393 probatur
232 3311 393 3386 delineatio
415 3312 601 3400 principibus
621 3309 846 3381 Sclavinornrnr
875 3310 976 3377 multis
996 3309 1140 3376 ministris

60 3413 201 3497 adiutus,
229 3439 335 3482 manas
360 3441 431 3484 suas
456 3419 569 3485 artilex
594 3416 677 3503 operi
696 3437 752 3481 suo
772 3414 924 3480 admovet.
966 3416 1044 3480 'l'urn
1064 3437 1140 3480 vero

61 3521 92 3583 S.
104 3521 279 3586 Demetrius
295 3523 488 3608 spectandum
505 3523 533 3588 ei
553 3546 586 3587 se
604 3520 738 3609 praebet,
760 3519 907 3604 alapaque
924 3518 1052 3584 insacia
1070 3541 1140 3602 per·

61 3644 182 3688 cussum
210 3613 318 3690 tuentis
342 3626 481 3712 inrpotenr
505 3627 602 3692 reddit
609 3651 621 3707 3
652 3647 710 3711 quo
731 3624 812 3688 facto
832 3620 922 3686 homo
945 3645 985 3686 ex
1011 3621 1139 3687 aliorunr

63 3742 225 3816 conspectu
244 3729 275 3794 in
296 3731 415 3798 deserta
435 3730 577 3798 montium
596 3715 723 3812 aufugit.
764 3724 925 3790 Machinae
945 3726 1061 3792 fabrica
1079 3747 1140 3792 non
1220 3767 1223 3792 r

60 3833 235 3916 perficitur3
255 3835 448 3910 nihilominus
463 3833 597 3902 Sclaviui
613 3831 695 3898 urbis
710 3827 897 3897 obsidionem
911 3830 1138 3914 aggrediuntur·

58 3935 209 4016 Artifex,
232 3935 266 4002 in
284 3937 433 4006 montibus
453 3951 667 4016 commoratus,
689 3933 823 4000 nuntiate
842 3931 972 3999 civitatis
993 3956 1048 4018 per
1067 3954 1139 3998 suos

61 4040 305 4142 oppugnatione,
325 4060 453 4115 nemun
471 4066 577 4114 sanarn
595 4051 768 4127 recuperat,
797 4039 944 4120 Sanan,
969 4035 1018 4116 illi
1038 4036 1138 4106 denuo
1192 4047 1195 4056 “
