2890 4774
7 453 15 498 ί
131 467 239 563 ¹1·]'
332 486 584 542 εσετετιεισε
611 491 1010 546 τεεεεεεεοειεευειε.
1132 463 1208 550 4‘21
1317 459 1320 462 ’

124 639 425 725 Ἀντισταθμῦμαι
440 640 550 708 τοίνυν
568 647 617 728 τῷ
634 646 726 729 καλῷ
741 644 851 730 ἐκείνῳ
868 648 924 712 καί
937 649 1100 735 βασιλικῷ
1114 637 1221 720 ῦδατι

6 739 19 778 st
128 750 232 822 καλὸν
246 758 355 838 ἕτερον
373 739 507 834 όμοιον,
527 756 583 820 καί
600 750 706 839 τούτῳ
725 748 917 839 δεξιώσομαι
936 753 997 842 τήν
1014 762 1212 846 πανήγυριν.

5 870 19 948 ζ“’
131 865 171 930 Οί
185 864 221 930 δὲ
234 858 408 944 ἀκροαταί,
428 851 515 936 οῦτω
527 855 659 947 μεγάλῳ
673 864 728 928 καί
744 856 850 948 τούτῳ
865 861 1087 952 περιτυχόντες
1101 863 1211 954 πράγ·

5 967 20 1058 ᾗ
129 995 229 1059 ματι,
250 971 306 1037 καί
324 970 480 1054 κερδαλέα
497 965 803 1062 συμφρονήσαντες,
824 974 879 1036 καί
893 972 1078 1059 μαθόντες,
1100 971 1143 1055 άς
1159 979 1210 1045 δι-

9 1078 20 1199 L
127 1073 342 1159 πλαοιάζεται
368 1075 482 1156 αὐτοῖς
503 1075 541 1145 τό
567 1071 686 1159 καλὸν,
710 1072 932 1166 ἀναμενοῦσιν
953 1083 1047 1161 τίως’
1077 1083 1147 1154 είτα
1166 1075 1206 1175 δή

4 1193 20 1220 ³⁶
126 1192 184 1259 καί
204 1193 264 1256 τοῦ
282 1187 399 1256 λοιποῦ
416 1189 574 1272 γένωνται
593 1180 744 1271 ἀγαθοῦ.

205 1295 259 1362 21.
293 1293 536 1383 Προβοίλλομαι
552 1296 663 1364 τοίνυν
681 1295 772 1383 ὑμῖν,
801 1283 826 1366 ὦ
845 1295 1005 1387 πάροντες
1021 1295 1208 1380 ἀκοῦοντες,

126 1411 233 1494 μῦρον
255 1401 426 1490 βασιλικὸν
452 1407 579 1491 τίμιον,
612 1409 667 1474 καί
691 1403 786 1488 ἀξιῶ,
816 1403 936 1477 τοῦτον
957 1405 1209 1495 μετεσχηκότας,
1327 1415 1334 1428 ’

3 1508 20 1562 ί
126 1505 199 1582 εἶτα
224 1509 263 1600 δή
292 1516 347 1580 καλ
373 1514 434 1581 τοῦ
457 1507 625 1606 Ἰορδάνου
650 1512 863 1600 γενήσεσθαι.
904 1499 989 1603 Ἱερά
1018 1521 1074 1585 καί
1102 1512 1207 1608 άμφω

4 1619 19 1676 ί
127 1624 252 1714 τριῦτα,
285 1621 409 1690 πολλοῦ
434 1616 616 1709 τιμώμενα,
644 1620 689 1703 εἶς
715 1619 882 1711 άγιασμόν
906 1627 1139 1707 συντελοῦντα,
1169 1617 1208 1694 τό

125 1735 188 1798 τοῦ
204 1724 370 1816 Ἰορδάνου
388 1755 422 1798 τε
443 1730 591 1820 ῥεῖθρον,
613 1737 668 1800 καὶ
691 1732 728 1800 τό
747 1734 855 1820 μῦρον
873 1735 932 1820 τῆς
950 1737 1014 1826 νῦν
1030 1730 1211 1818 δεξιόσεως.

14 1833 18 1849 ‘
128 1837 211 1906 Οῦδὲ
235 1833 452 1908 ἀποκλάσεται
479 1838 517 1906 τδ
542 1837 688 1927 δεύτερον
711 1847 758 1933 τῷ
778 1845 942 1930 προτέρῳ,
975 1833 1028 1912 ότι
1047 1845 1130 1929 μηδὲ
1149 1845 1209 1929 τῆς

125 1949 282 2032 ἐπιπολῆς
309 1943 411 2033 μόνης
437 1951 576 2032 γίνεται,
606 1945 690 2014 ἀλλά
717 1954 774 2016 καί
798 1957 841 2028 είς
860 1945 971 2036 ψυχήν
991 1946 1209 2035 παραδύεται.

127 2056 221 2126 Aona)
242 2059 278 2123 δϊ
296 2079 354 2140 μοι
375 2058 431 2122 καὶ
450 2052 539 2124 πάνυ
555 2082 587 2125 τι
606 2053 835 2147 προσηκόντως
854 2057 936 2146 ἔχειν
953 2055 1058 2147 μῦρον
1074 2062 1129 2126 καί
1147 2053 1210 2126 αῦ-

0 2166 18 2219 Τ
120 2167 182 2247 τός
202 2163 381 2248 δεξιώσεσι,
409 2169 465 2233 καί
485 2160 544 2259 ἀφ’
567 2167 678 2246 ἑστίας
696 2166 779 2234 εἶναι’
795 2194 855 2254 μοι
881 2167 919 2236 τό
936 2168 1053 2266 καλόν,
1075 2159 1127 2235 ὅτι
1148 2189 1208 2251 μοι
1322 2215 1325 2223 .

7 2260 12 2332 .'
125 2282 181 2346 καὶ
203 2273 268 2363 πρὸ
288 2276 403 2363 χειροῖν
423 2272 487 2363 ήδη
507 2272 545 2344 τό
563 2281 648 2363 μέγα
672 2277 731 2344 τοῦ
749 2273 853 2366 μάρου
874 2271 1097 2363 ἀλάβαστρον.
1137 2273 1208 2338 Καὶ

123 2378 159 2454 εῦ
177 2409 214 2472 γε
233 2379 330 2471 ἡμῖν,
360 2379 559 2474 σοφώτατον
579 2379 817 2472 ἀκροατήριον,
846 2379 899 2454 ’ότι
919 2382 978 2453 τόν
997 2378 1208 2472 μυροβλῦτην

1 2499 15 2532 ‘⁴
123 2489 365 2576 ἐνενοήσασθε,
396 2488 435 2560 ὃν
458 2490 540 2571 θεὸς
564 2498 634 2570 τοῖς
655 2499 788 2575 πένησιν
810 2500 855 2572 είς
877 2487 985 2580 ὀσμήν
1006 2491 1209 2577 καταρτίσας

1 2607 15 2650 ί
123 2603 259 2679 εὐωδίας
286 2597 545 2691 ἐδαιμιλεῦσατο·
580 2596 617 2666 τό
644 2605 725 2668 πᾶσι
753 2600 914 2669 ποθεινόν
941 2604 997 2670 καὶ
1023 2593 1136 2680 (καθά
1157 2619 1206 2672 τις
1263 2656 1268 2670 ,

122 2709 209 2801 ἔφη)
225 2708 439 2799 παμφίλητου
457 2705 574 2795 όυομα,
596 2700 615 2776 ό
633 2712 689 2775 καί
707 2703 808 2786 αῦτός
823 2703 1094 2795 ὑπερβαλλόντως
1112 2701 1207 2794 ᾳιλῶ,

1 2842 12 2869 ⁵
122 2812 339 2902 σεβαζόμενος
356 2823 417 2901 μὲν
435 2813 495 2894 τάς
510 2826 619 2903 χεῖρας
639 2813 762 2895 ταύτας
780 2818 914 2899 νικητοῦ
926 2817 1096 2901 βασιλέως,
1118 2803 1207 2900 ᾧπερ

1 2950 11 2970 ’·
120 2923 176 3020 λη’
195 2921 323 3015 άπασιν
349 2921 497 3010 ἀγαθοῖς
516 2922 640 3010 κόσμος
661 2923 767 3003 άπας,
794 2922 916 2992 ταυτὸν
937 2928 971 2992 δὲ
992 2930 1105 3000 εἰπεῖν,
1125 2915 1207 2998 λαός
1321 3004 1323 3008 .

4 3064 7 3084 ⁸
119 3039 211 3118 νίκης
227 3033 322 3119 ἔργον
337 3033 476 3119 γίνεται·
506 3028 722 3119 οεβαζόμενος
740 3037 776 3101 δί
792 3039 847 3102 καί
866 3031 924 3102 τὸν
941 3040 1063 3119 ταμίαν
1080 3030 1139 3114 τῆς
1156 3028 1206 3097 υί-

1 3175 2 3186 *
120 3175 180 3231 κης
196 3143 319 3231 ταύτης
334 3147 381 3240 τῷ
393 3149 536 3232 βασιλεῖ,
556 3147 611 3210 καί
632 3141 755 3225 ταύτην
775 3143 810 3208 ἐν
826 3142 931 3228 ἑαυτῷ
947 3136 1030 3229 πρός
1046 3165 1080 3210 τε
1097 3135 1205 3223 ὄνομα

2 3268 9 3302 ¹
121 3263 288 3348 φέροντα,
317 3259 373 3321 καί
398 3258 562 3339 διανέμειν
584 3258 627 3331 τίς
649 3252 789 3339 πρᾶγμα
811 3246 1011 3360 δυνάμενρν,
1041 3243 1060 3316 ὃ
1082 3251 1138 3316 καί
1159 3241 1204 3324 είς

118 3366 198 3432 νοῦν
217 3359 329 3448 λαβών
349 3387 399 3441 τις
417 3359 588 3448 ἡγίασται,
609 3364 665 3426 καὶ
681 3355 738 3427 διά
756 3356 922 3444 στόματος
939 3357 1090 3446 ἐνεγκὼν,
1111 3358 1202 3440 μέλι·

114 3498 176 3553 τος
199 3474 399 3553 πίπλησται,
429 3470 490 3548 καί
508 3468 612 3556 μόνον
636 3471 696 3555 μίν
719 3465 912 3561 ίκφωνήσας
935 3474 1026 3550 νίκην
1053 3459 1199 3551 μεγάλην

1 3589 5 3599 ’
116 3578 327 3665 προήνεγκεν.
363 3572 497 3668 Ἕνίκων
517 3584 577 3661 μέν
599 3602 699 3656 τινες,
727 3582 783 3644 καί
806 3577 1044 3665 ήγηοίστραεοι
1061 3572 1202 3662 ἀναφω-

115 3692 286 3772 κηθίντες,
307 3681 325 3756 ό
347 3689 406 3772 μὲν
424 3679 539 3762 οίωνός
559 3690 661 3767 ἐτέθη
679 3685 769 3765 νίκης
787 3680 949 3770 μεγάλης,
967 3677 986 3750 ό
1006 3684 1041 3784 δὲ
1059 3676 1201 3765 ἀγαθήν

115 3795 280 3881 ἐσήμανεν
309 3791 488 3882 ἡγεμονίαν
514 3795 670 3879 στρατοῦ.
708 3789 751 3860 ‘0
775 3796 809 3861 δὲ
824 3798 939 3882 μέγας
961 3785 1128 3867 Νικόλαος
1155 3781 1200 3862 είς

1 3913 3 3924 ’
114 3899 308 3992 ἀσύμβολον
326 3900 433 3988 ι’ίνομα
451 3896 694 3984 λαληθήσεται,
715 3900 774 3969 οὐκ
792 3897 838 3967 ἀν
857 3903 942 3969 εἴποι
961 3923 1022 3976 τις.

198 4013 252 4080 22.
276 4011 340 4088 Δός
361 4009 400 4092 δή
420 4035 491 4096 μοι,
513 4007 668 4077 θειότατε
686 4009 840 4093 βασιλεῦ,
863 3998 902 4077 οῦ
922 4005 1041 4100 φιάλαι
1062 3994 1200 4089 ἀρωμά·

1 4131 2 4138 ’
114 4137 198 4194 των,
228 4117 265 4180 αἱ
292 4111 443 4198 σιαγόνες
470 4108 594 4194 δηλαδὴ
616 4115 680 4180 τῶν
700 4108 760 4179 τοῦ
780 4105 982 4197 πνεύματος,
1011 4104 1129 4197 μύροις
1148 4105 1199 4172 δε·
