2890 4774
247 445 325 532 m
676 461 893 516 εεετευοικ.
927 385 933 396 ¹
982 423 985 432 ¹
1218 433 1328 534 [cn.

331 613 385 684 24.
411 609 565 694 Ἥδηδί
589 613 645 680 καί
671 606 818 690 ἄλλος’
797 640 818 699 η
842 609 885 694 σὴ
907 613 988 680 θεία
1013 605 1221 697 κιβωτὸς”
1178 637 1281 696 αυτη,
1312 612 1333 719 δ

203 723 209 733 ’
248 727 341 806 νοῦς,
361 714 473 810 μάννα
492 727 598 806 στέγει
616 724 672 788 καί
687 718 810 808 χρυσὸν
826 745 881 788 και
870 714 1041 798 πλάκας·
1069 715 1108 790 οὐ
1123 716 1228 806 μόνον
1248 702 1332 800 τούς

248 838 321 921 τιερλ
339 839 399 918 τῆς
413 827 573 900 άνωτάτω
592 825 726 917 τριάδος
744 827 879 914 λόγους,
907 817 947 914 ἧς
962 825 1098 906 τύποςά
1117 829 1181 896 τῶν
1199 825 1334 898 άποθὲ·

248 965 316 1026 Ιτων
337 942 509 1024 κειμηλίων
529 933 650 1006 τούτων
671 937 780 1026 τριάς,
806 939 863 1004 καί
886 932 924 1003 τὸ
945 936 1005 1004 τοῦ
1022 933 1136 1024 μάννα
1158 935 1332 1026 οὐράνιον·

250 1047 338 1127 ἀλλὰ
364 1053 420 1116 καὶ
447 1046 523 1126 τούς
546 1052 617 1133 περὶ
642 1048 700 1135 τῆς
728 1050 787 1112 τοῦ
812 1045 899 1114 θεοῦ
919 1041 1018 1134 λόγου
1041 1042 1257 1132 καταβάσεως
1277 1042 1331 1140 ἐφ’

248 1155 346 1246 ίμιᾶς,
359 1152 467 1284 σάρκα
477 1158 747 1243 προσλαβομένου
760 1151 817 1236 τὴν
830 1162 864 1222 ἐκ
876 1151 967 1242 γοδς,
985 1152 1046 1236 την
1059 1153 1140 1222 καθ’
1157 1150 1255 1242 ἡμᾶς,
1272 1153 1333 1236 ἔξω

248 1273 308 1342 τοῦ
329 1265 496 1352 ἁμαρτίας
524 1261 693 1387 μολυσμὸν
715 1257 948 1392 ἐπισύρεσθαι·
986 1249 1026 1330 οὗ
1053 1257 1249 1352 σάμβαλα’
1230 1291 1251 1345 η
1272 1289 1335 1332 του

250 1467 307 1554 ικαὶ
329 1484 395 1550 των
414 1485 547 1550 πλανῶν
570 1479 607 1549 τὸ
626 1478 850 1568 χοόπλαστου·
879 1471 936 1557 οίίς
956 1475 994 1566 δὴ
1016 1480 1187 1566 ἑκατέρους
1205 1475 1336 1565 λόγους,

151 1571 157 1584 ’
251 1590 330 1672 τούς
354 1615 389 1659 τι
413 1593 485 1677 περὶ
505 1590 589 1658 θεοῦ
612 1597 670 1659 τοῦ
691 1592 725 1658 έν
746 1585 853 1678 τριάδι
875 1596 1176 1674 προσκυνουμένου,
1202 1584 1278 1668 τούς
1300 1614 1337 1657 τε

251 1705 324 1788 τιερί
345 1702 404 1767 τοῦ
424 1703 510 1766 θεοῦ
525 1694 643 1784 λόγου,
664 1701 723 1766 τοῦ
739 1695 810 1777 ἑνὸς
828 1697 890 1791 τῆς
904 1693 1056 1784 τριάδος,
1077 1702 1138 1764 τοῦ
1158 1704 1192 1764 έν
1212 1692 1337 1784 ὀστρα-

252 1813 344 1899 κίυιμ,
357 1804 461 1876 σκιάει
478 1802 617 1892 σαρκὸς,
643 1801 800 1894 ἡμετέρου
820 1810 1016 1892 θησαυροῦ,
1045 1795 1129 1872 οίίτω
1149 1809 1210 1890 μέν
1230 1812 1339 1890 περιέ-

253 1941 325 2000 πεις
350 1918 406 1982 καὶ
436 1920 542 2006 φέρεις
564 1914 792 2002 ταμιευόμενος
818 1909 974 2008 ἀσφαλῶς
998 1915 1034 1982 έν
1053 1920 1157 2009 ψυχῇ,
1195 1909 1238 1991 ὤς
1262 1906 1333 1982 οὐδ

254 2019 298 2092 ι’ίυ
319 2017 437 2112 οὐδεὶς,
459 2017 533 2088 οὐδὲ
550 2017 637 2090 πάνυ
655 2027 727 2110 περὶ
746 2019 806 2102 τάς
824 2025 1020 2110 τιμιωτέρας
1034 2023 1100 2091 τῶν
1114 2023 1200 2091 ὑλῶν
1216 2025 1339 2104 ἐπτοη-

252 2135 369 2220 μένος,
397 2124 634 2216 έπαγρυπνὴσει
655 2135 786 2226 φυλακῇ
809 2137 1000 2219 θησαυροῦ·
1038 2123 1123 2198 οίίτω
1148 2133 1183 2197 δέ
1205 2127 1338 2218 μνημό-

254 2267 318 2320 υως
331 2240 434 2328 ιἔχεις,
461 2241 517 2311 καὶ
538 2239 660 2318 δεῆσαν
677 2236 832 2327 προάγεις
850 2234 1065 2319 ἀδιαπτώτως
1085 2245 1135 2308 ἐπί
1158 2237 1338 2328 στόματος,

255 2342 299 2430 ὡς
316 2345 388 2417 οὐδ’
407 2344 451 2415 άν
470 2371 520 2425 τις
535 2342 655 2415 οἰκεῖον
676 2343 719 2413 άν
738 2344 927 2434 προαγάγοι
948 2349 1065 2440 ῥηιδίως
1082 2345 1201 2436 ὄνομα.
1246 2347 1340 2418 Οίίτω
1378 2351 1383 2359 ’

255 2464 293 2534 δέ
315 2461 434 2536 ποθείς
458 2459 513 2524 καὶ
531 2449 721 2547 ὑπτρττονεῖς
740 2459 1055 2547 ἐπιβουλευομένων,
1082 2452 1126 2538 ὡς
1144 2453 1202 2528 οὐκ
1221 2453 1265 2542 ἄν
1286 2483 1340 2538 τις

174 2583 180 2598 ·
257 2566 334 2638 οὐδὲ
355 2569 462 2652 ψυχῆς
482 2559 695 2652 ὑπερπαθοίη
716 2561 759 2633 ἂν
779 2567 838 2656 τῆς
859 2566 1012 2658 ἑαυτοῦ..

257 2746 260 2754 Ι
339 2676 392 2742 25.
434 2675 503 2742 Καὶ
528 2674 634 2740 ταῦτα
656 2673 721 2742 θίδε
739 2680 802 2760 μέν
821 2679 877 2744 καὶ
899 2675 991 2763 ἡμῶν
1011 2682 1160 2758 ἕκαστος,
1190 2671 1343 2762 άνακρά-

258 2784 353 2876 ζουσι
379 2785 412 2850 δὲ
438 2783 547 2850 καλοί
573 2783 682 2863 λίθοι,
713 2779 770 2862 οὓς
794 2777 833 2851 τὸ
852 2788 940 2871 μέγα
961 2785 1018 2870 τῆς
1038 2781 1197 2852 άυωτάτω
1218 2787 1344 2880 σοφίας

262 2896 354 2985 φέρει
373 2889 577 2986 άνάκτορου,
598 2894 633 2958 αἱ
651 2894 732 2978 ἱεραὶ
747 2887 880 2976 πλάκες,
902 2888 956 2974 οἷς
975 2891 1017 2962 τά
1037 2891 1082 2964 σά
1101 2892 1345 2984 θεολογήματα

260 3001 440 3086 έγκεινται·
481 2995 573 3082 σίδη
594 3001 689 3068 λίθοι
710 3003 757 3087 τῷ
777 3027 811 3071 τε
835 3001 992 3090 διαλεάκφ
1013 3006 1262 3098 παμφαίνουσι,
1289 3011 1348 3074 καί

253 3111 302 3198 ,τὸ
321 3117 378 3192 τῆς
397 3105 556 3192 άληθείας
573 3111 728 3190 ἐντεῦθεν
745 3113 955 3204 διαφαίνουσι
974 3112 1174 3201 πάλλτυκον,
1190 3118 1245 3182 καί
1266 3110 1348 3182 κάλ-

262 3223 311 3292 λει
337 3224 371 3288 δέ
397 3219 582 3306 λάμποντος
602 3219 738 3308 ἐρυθρῷ
756 3219 873 3306 χροίαν
898 3215 1039 3306 αἳματος
1061 3218 1347 3310 παραυγάζουται,

263 3331 320 3406 καὶ
349 3326 407 3397 τὸν
435 3329 641 3414 τραυματίαν
661 3330 814 3397 ἐντεῦθεν
835 3333 891 3396 καὶ
911 3329 969 3412 τῂν
990 3327 1149 3420 αἰσχύνην
1169 3333 1228 3398 τοῦ
1249 3330 1351 3418 άρχε-

264 3433 369 3506 κάκου
391 3433 614 3522 πολεμὴτορος
630 3430 902 3528 ιἰπεμηαίυουοιν.
941 3439 996 3508 Ἐν
1009 3437 1137 3536 τούτοις
1152 3444 1220 3518 τοίς
1233 3442 1352 3521 λίθοις

262 3548 318 3614 καὶ
339 3541 455 3630 τὸτῆς
477 3544 654 3628 θεολογίας
682 3543 839 3629 καθαρὸν
862 3553 1102 3639 φωσφορεῖται,
1131 3552 1186 3616 καὶ
1209 3546 1251 3614 τά
1274 3553 1351 3676 περὶ

262 3655 321 3733 της
338 3649 531 3740 σαρκάσεως
548 3678 608 3720 του
593 3650 724 3737 λόγου
746 3652 999 3744 ὀρθοτομειται,
1023 3657 1055 3740 ίξ
1073 3657 1280 3742 ίρυθρῶν’
1243 3655 1352 3742 αιμά-

264 3785 330 3828 των
347 3761 558 3846 παρθενικῶυ
574 3759 684 3850 σάρκα
700 3769 806 3853 δαυτω
821 3760 1038 3846 πηξαμέυου
1021 3767 1219 3848 υπέραγυον·
1244 3758 1290 3832 ὧν
1312 3771 1351 3834 τδ

255 3874 325 3958 μέν
341 3871 441 3948 λίθος
459 3866 647 3957 στίλβων
617 3896 661 3948 εις
675 3872 756 3964 φῶς,
778 3869 907 3938 τάδ’
881 3874 1068 3999 υπρφαίνει
1086 3867 1314 3959 έρυθρὸτης”
1290 3899 1354 3940 αυ-

263 3981 333 4055 θος
357 3979 542 4068 αίμιιτηρὸυ
565 3974 860 4068 παραυγάζουσα·
868 3975 911 4056 ὡς
932 3974 990 4058 δίν,
1011 3969 1117 4064 ίίσπερ
1137 3983 1216 4047 ποτέ
1234 4003 1353 4070 φοινι·
1433 3991 1434 4000 ’

259 4089 398 4170 χθέντος
426 4083 544 4172 αἰματι
576 4085 731 4156 δάκτυλοι
758 4087 924 4174 σωτηρίαν
951 4083 1061 4173 ἡμῶν,
1093 4077 1178 4158 οίίτω
1201 4091 1259 4156 καὶ
1289 4089 1353 4156 νῦν
1433 4153 1434 4156 ,
