2874 4776
509 491 821 542 renascentum.
1118 495 1216 548 Lxrx
1354 492 1358 498 ”

131 615 323 725 (pociacum,
350 637 380 703 in
408 637 581 725 parimento
599 661 697 726 aquae
715 639 812 707 instar
829 641 960 726 fluebat;
986 642 1158 711 incendium
1178 643 1218 716 ne
1281 711 1283 718 .

130 744 251 830 reliqua
271 741 376 828 ternpli
395 755 535 825 tentaret,
561 744 654 809 anxia
674 742 785 810 civium
805 768 889 830 cura,
903 745 996 812 ’aedis
1013 769 1131 816 summa
1150 773 1218 820 cum
1252 811 1258 828 ,

131 849 288 937 amphoris
316 847 457 934 aquariis·
479 849 757 930 conscendentium,
795 872 888 937 aegre
916 866 1034 918 cautum
1064 836 1121 922 est.
1169 855 1219 924 lbi

102 973 106 976 ·
133 973 226 1039 quum
246 953 345 1036 turba,
366 967 491 1040 argento
506 955 636 1041 aliisque
653 956 760 1043 opibus
779 954 992 1021 ecciesiasticis
1008 957 1139 1044 inhians,
1161 985 1219 1027 cx·

132 1057 209 1144 pelli
228 1060 338 1146 tempto
359 1075 418 1124 noo
439 1073 552 1146 posset,
574 1059 684 1126 civium
703 1057 884 1126 nobiliorum
904 1059 1025 1145 aliquis,
1053 1063 1105 1148 qui
1124 1065 1220 1132 Daoi·
1278 1087 1283 1096 ·

135 1185 183 1243 oo,
205 1165 286 1249 quod
303 1164 481 1246 vocabatur,
503 1163 621 1254 tttysioi
640 1165 857 1252 praefectorum
871 1164 982 1230 scrinio
999 1183 1149 1254 praeerat,
1169 1171 1219 1237 in-

115 1266 268 1350 ¹stigaute
280 1267 361 1355 ipso
389 1273 424 1336 S.
447 1273 602 1359 Martyre,
631 1269 776 1336 barbaros
799 1268 838 1333 ad
858 1269 977 1333 moenia
997 1269 1095 1338 subito
1115 1296 1221 1342 acces·

136 1369 215 1436 sisse
243 1373 341 1458 fingit.
384 1373 491 1439 Omnis
518 1373 629 1439 debinc
654 1375 783 1461 populus
811 1371 850 1437 ad
879 1386 958 1438 tecta
983 1397 1038 1441 sua
1065 1377 1220 1466 dilabitur,

137 1477 305 1562 sumtisque
329 1478 423 1544 aruris
448 1499 549 1544 morou
574 1478 759 1544 conscendit.
798 1478 841 1541 Its
865 1499 939 1541 vere
958 1477 1085 1548 aderant
1105 1484 1220 1553 hostes.

136 1583 164 1646 E
186 1581 344 1647 moenibus
362 1581 441 1647 eninr
460 1581 493 1647 in
513 1605 638 1670 campo,
658 1581 710 1648 ubi
729 1595 850 1646 nanctae
870 1578 999 1667 virginis
1020 1581 1221 1672 martyrisque

136 1689 298 1753 Matronae
315 1687 478 1776 tempium,
508 1699 635 1753 turmam
659 1685 790 1751 bostium
809 1684 1014 1774 conspiciunt,
1043 1688 1141 1754 minus
1162 1712 1221 1754 nu·

136 1811 238 1873 mero,
259 1815 349 1879 quam
369 1791 547 1858 fortitudine
564 1811 601 1857 ac
620 1789 735 1856 ferocia
755 1789 917 1855 eximiam:
945 1805 1009 1858 erat
1029 1793 1109 1860 eniin
1130 1792 1221 1860 totius

138 1896 350 1964 Sciavioururn
370 1898 470 1985 gentis
490 1897 548 1962 flos
566 1910 597 1962 et
616 1895 757 1978 selectus,
779 1907 959 1960 armatorum
977 1918 1052 1962 reru
1072 1919 1132 1990 non
1152 1899 1221 1987 pius

137 2009 228 2086 qrranr
250 1999 510 2090 quinquemillia.
549 1998 608 2066 Die
628 1999 833 2081 illucescente,
856 2022 922 2065 curn
944 1999 1065 2066 barbari
1084 2002 1123 2067 ad
1144 2017 1222 2070 teur-

138 2107 222 2193 plum
243 2109 601 2196 sanctarumbiartyrum
621 2105 776 2185 Chionae,
797 2108 904 2170 Irenae
923 2117 954 2168 et
974 2106 1119 2192 Agapae,
1140 2105 1222 2193 quod

137 2209 319 2276 brevissimo
346 2211 508 2278 intervallo
529 2235 548 2278 a
567 2209 724 2276 moenibus
744 2206 877 2273 civitatis
896 2207 1045 2292 dictabat,
1075 2211 1223 2278 accessis·

138 2329 225 2399 seot,
255 2314 349 2403 portis
369 2316 480 2405 apertis
500 2315 622 2405 plurimi
642 2314 726 2379 cives
748 2309 882 2395 egressi,
913 2313 983 2378 lesu
1001 2311 1123 2381 Christo
1143 2317 1223 2381 San·⁴

138 2433 250 2510 etoque
268 2420 422 2487 Demetrio
448 2443 501 2486 eus
528 2419 806 2498 corroborantibus,
834 2439 964 2503 pugnam
992 2437 1058 2483 cunr
1085 2418 1223 2486 hostibus

138 2546 195 2612 per
223 2539 316 2591 toturn
343 2525 424 2591 diem
450 2524 636 2592 commisere.
677 2525 813 2589 Tandem
842 2521 1036 2587 barbarorum
1059 2523 1224 2608 exercitus,

140 2650 201 2694 non
221 2631 326 2719 paucis
345 2653 383 2698 ee
402 2630 469 2717 ipsa
490 2645 593 2718 parte,
614 2653 673 2716 qua
693 2630 726 2693 in
746 2627 850 2693 urbem
870 2625 1058 2714 irruperant,
1079 2629 1225 2693 receden-

9 2779 10 2782 ,
139 2735 234 2818 tibus,
260 2737 458 2821 conflictuque
478 2750 524 2799 ter
544 2733 722 2822 etamplius
742 2732 882 2819 repetito,
904 2731 1010 2797 eodem
1031 2731 1083 2796 die
1101 2734 1226 2818 fugatus

141 2854 200 2905 eet.
237 2843 352 2905 Narrat
379 2841 455 2906 baec
475 2842 674 2928 Anonymus,
702 2837 798 2902 secoli
817 2840 882 2901 vll
906 2836 1035 2922 scriptor
1061 2838 1146 2916 (Aa.
1166 2839 1226 2905 SS.

141 2943 213 3012 to
236 2967 303 3030 cap.
323 2945 492 3038 tot-tot.
514 2967 545 3031 p.
562 2937 763 3020 tet-141.)
785 2939 852 3021 38).
945 2960 950 2969 ’
1250 3016 1252 3026 Ι

77 3059 81 3069 “
235 3052 399 3118 Solavinos
435 3046 568 3116 narratio
606 3043 697 3110 claris
734 3042 838 3110 verbis
872 3065 940 3133 cap.
972 3045 1024 3113 99.
1053 3065 1107 3108 coe
1141 3043 1226 3110 dicit.

142 3155 258 3222 Avaris
287 3169 349 3221 turn
382 3153 525 3242 temporis
549 3148 703 3239 paruisse,
737 3148 900 3214 secundum
928 3148 1091 3215 eorundem
1115 3147 1228 3216 beilum

143 3258 418 3327 Thessaloniceuse
444 3257 574 3324 docebit.
621 3259 751 3319 Parvum
782 3273 884 3318 corum
914 3275 1067 3318 nanterum
1102 3265 1229 3317 excusat

143 3367 180 3430 S.
198 3364 343 3430 Demetrii
362 3346 635 3428 Thessalonicense
653 3360 784 3423 ferturus
808 3355 900 3442 bojas
919 3357 998 3427 euim
1021 3356 1229 3444 opportunita-

143 3483 204 3532 tem
225 3468 327 3550 naeti,
344 3469 376 3533 in
396 3468 559 3547 civitatem,
587 3478 621 3527 ot
641 3463 786 3550 putabant
805 3461 965 3540 incautam,
985 3460 1151 3547 irrumpere
1170 3481 1229 3522 vo·

80 3589 83 3594 ’
143 3571 275 3638 inerant.
318 3573 415 3639 Sedes
444 3593 538 3659 prope
558 3564 807 3635 Thessalonicam
831 3566 957 3633 stabiles
984 3590 1054 3632 num
1074 3565 1139 3650 jam
1166 3577 1229 3627 tum

147 3693 392 3712 m·-

182 3763 233 3824 58)
252 3759 323 3813 Acta
341 3761 392 3814 SS.
412 3759 432 3812 1.
456 3771 481 3811 c.
503 3713 665 3809 memi-
686 3803 690 3812 .
714 3775 772 3819 τας.
799 3752 874 3832 Quid
891 3751 931 3810 stt
948 3755 1030 3828 μέχρν
1045 3749 1095 3811 τοῦ
1112 3747 1159 3806 rio
1179 3750 1230 3814 (ad
1360 3830 1364 3836 .

144 3843 243 3898 benda
262 3859 360 3914 pugna
378 3846 457 3912 (cap.
475 3841 535 3894 lut.
552 3857 586 3910 pe
603 3841 664 3894 lid.
712 3841 905 3915 doctoresque
930 3846 1063 3912 horam),
1093 3854 1148 3911 ego
1169 3848 1228 3890 net!

147 3931 195 3992 G.)
220 3931 292 3984 hoec
315 3931 437 3983 hubent:
477 3925 537 3983 Καὶ
555 3927 664 3999 μέχρι
712 3929 868 4001 perspicio.
890 3928 1053 3998 Anseripta
1067 3925 1146 3979 tuere
1155 3923 1229 3977 baec

46 4063 50 4070 .
147 4015 217 4072 eoois
235 4015 299 4072 rb?
324 4011 371 4087 ἀφ’
394 4012 536 4091 ἑωσφόρον
557 4015 599 4082 dic
617 4015 665 4074 καὶ
712 4018 800 4072 Wl'bd
816 4013 886 4088 ipse
898 4024 1013 4088 pugnae
1030 4008 1104 4066 dio?
1209 4029 1213 4037 .

43 4117 46 4124 ’
146 4109 206 4184 τρὶς
234 4107 287 4192 καὶ,
309 4104 454 4176 πλεονάκις
478 4105 664 4187 ucyspoicuu-
1170 4109 1173 4116 ·

418 4199 432 4228 0
