2890 4774
252 417 344 496 '372
488 461 492 470 ·
698 443 916 496 κεττιιοιετ.
1240 416 1334 516 [σοι.

279 597 351 664 κε’τι
377 591 491 685 πεινῇν
510 586 530 674 ἢ
550 588 655 684 διψῇν
673 592 735 659 τοῦ
753 591 897 662 ἀκοῦσαι
916 588 1019 679 λύγον
1040 588 1188 680 τεχνικὸν
1206 589 1270 660 ἐἴτ’
1291 595 1353 672 tua-

278 697 488 787 στημονικὸν.
512 699 567 767 Ἐν
579 702 698 788 βραχεῖ
711 697 778 788 γάρ
790 701 914 789 χρόνῳ,
933 705 989 768 καί
1000 696 1087 770 ὁσον
1102 703 1266 787 ἐγκυκλίου
1280 727 1352 795 προ-

277 814 425 888 παιδείας
437 803 648 896 γεύσασθοι,
669 805 689 894 ἢ
707 815 910 900 σοφιστικοῖς
924 810 1135 896 παλαίσμασι
1152 796 1354 897 προσγυμνά-

279 923 423 1000 σασθαι,
443 911 464 999 ή
483 914 665 1005 προθύρων
682 921 835 1004 ἐπιβῆναι
852 921 1062 1010 φιλοσοφίας,
1083 917 1175 997 εἴτις
1193 921 1354 1010 πεφοίτηκε

279 1021 362 1114 παρ’
385 1033 522 1107 ἐκεῖνον,
545 1021 684 1122 εύθύςὸ
706 1023 798 1111 παρά
819 1027 868 1112 τῷ
886 1027 1092 1120 Στογειρίτῃ
1111 1031 1353 1112 πεπαιδευμένος

280 1131 405 1222 ῶράτο,
426 1138 482 1201 καὶ
502 1127 520 1201 ὁ
538 1132 630 1222 παρά
649 1141 714 1199 τῶν
733 1136 882 1200 Μουσῶν
900 1136 1119 1221 ἐμπνευσθεὶς
1139 1131 1200 1216 τήν
1220 1135 1352 1218 ποίησιν.

282 1239 329 1310 Εἰ
343 1239 409 1329 γάρ
433 1238 487 1309 ὁπ’
509 1235 679 1329 ἀγροικίας
697 1244 808 1325 βαθεῖ
819 1240 910 1329 κάρῳ
930 1239 1107 1324 καθεύδοι,
1129 1227 1198 1310 άλλ’
1220 1242 1290 1330 άμοι
1306 1269 1353 1330 μι-

234 1421 237 1428 ,
281 1348 410 1436 κράττα
430 1353 610 1435 ὲψωμίζετο
631 1350 710 1437 παρ’
736 1352 874 1430 ἐκείνου,
902 1357 958 1420 καί
981 1353 1186 1438 παραχρῆμα
1210 1352 1355 1431 διῶπνίζε·

282 1483 337 1540 το,
359 1466 521 1542 μουσικοῦ
537 1484 625 1536 τινος
641 1456 782 1546 κάτοχος
799 1457 993 1544 άσθματος.
1035 1459 1133 1545 Πλήν
1150 1454 1211 1526 ούκ
1227 1463 1356 1546 ἕμπικρσ

281 1554 339 1652 ἦν,
367 1566 410 1645 ῶς
435 1567 478 1633 τά
506 1565 637 1659 δάφνης
660 1570 804 1650 πέταλα,
833 1575 877 1634 τά
901 1565 1118 1653 φωμιζὸμενοι
1140 1563 1220 1655 παρ’
1249 1569 1356 1636 ἐκείνου

281 1675 339 1754 τής
363 1675 426 1740 τῶν
454 1677 568 1766 σοφῶν
593 1679 816 1768 ἐπιφυλλίδος,
850 1679 905 1744 κοιλ
928 1684 987 1744 νῦν
1009 1678 1099 1763 οἴμοι
1130 1678 1356 1762 τετρυγημὲνης

280 1777 438 1850 θανάτου
455 1786 554 1877 τομῇ,
576 1782 777 1870 γλυκάζοντα
795 1789 983 1872 δὲμᾶλλον,
1005 1779 1048 1862 ῶς
1065 1783 1086 1866 ή
1103 1784 1252 1874 κεφαλής
1271 1779 1290 1870 ή
1307 1785 1355 1867 βε

282 1893 437 1978 βρωμεζνη
465 1894 512 1978 τῷ
534 1888 679 1976 Ἱεζεκιήλ
706 1895 914 1985 προφητικῶς
938 1889 1175 1981 ὁντιρώττοντι.
1219 1895 1354 1968 Μέλιτος

281 1996 347 2084 γάρ
368 1995 551 2082 άπέστιιζον
573 2003 694 2070 αἰτῶν
718 1998 853 2088 ὁμιλιῶν
868 1999 1064 2070 Εὐσταθίου
1080 2000 1234 2090 χάριτες,
1262 2001 1304 2078 ῶς
1323 1995 1355 2064 ά·

280 2113 402 2192 τεχνῶς
418 2105 609 2196 άποῤῥῶγες
630 2117 714 2188 τινὲς
733 2115 905 2196 νέκταρος·
929 2107 1021 2180 ’ὅθεν
1036 2115 1091 2177 καὶ
1109 2107 1154 2186 εἰς
1175 2105 1282 2195 ἄκρον
1299 2126 1356 2200 φο·

279 2220 343 2303 γῆς
365 2215 485 2294 μυελὸν
507 2223 575 2296 τοῖς
601 2214 782 2308 άκροαταῑς
808 2214 999 2303 εἰσδυόμενα
1026 2216 1069 2286 τά
1096 2213 1286 2304 διδάγματα
1309 2237 1356 2299 κοη

283 2319 438 2407 ἄντικρυς
452 2326 647 2413 ἐγκαομὲνοι,
668 2329 877 2415 διετηροῦντο
888 2324 1075 2392 άνίκπλυτα
1090 2323 1203 2408 λήθης
1217 2321 1356 2415 ῥεύματι.

288 2429 335 2497 Τὸ
359 2430 426 2518 γάρ
446 2431 549 2525 ἡδονῇ
580 2441 687 2526 ψυχῆς
712 2428 952 2518 ίντυπούμενον
980 2430 1132 2519 μάθημα
1159 2453 1356 2519 μνημονικο-

280 2541 363 2629 τίρηι
381 2540 483 2631 δέλτῳ
503 2541 622 2629 φρενὸς
640 2539 887 2628 ἐγκαλύπτεται,
910 2537 953 2618 ῶς
971 2542 1105 2608 θάττον
1122 2536 1165 2608 άν
1184 2540 1356 2607 ύπιδὲσθοι

160 2663 178 2740 2
281 2650 336 2713 κοί
362 2652 434 2737 περὶ
457 2646 590 2733 τούτου,
620 2648 639 2717 ὃ
665 2654 719 2717 κοί
744 2654 816 2735 περὶ
838 2653 1001 2740 σοφιστοῦ
1029 2647 1119 2727 τινδς
1143 2645 1249 2716 πάλαι
1269 2641 1355 2730 λόγον

271 2754 416 2843 διίρῥει,
443 2751 487 2834 ῶς
508 2754 577 2845 σ’ίρα
600 2762 807 2835 Χαλδαικοῖς
827 2762 893 2824 τισὶ
911 2762 1129 2842 μαγγανείαις
1151 2752 1230 2834 τούς
1254 2751 1355 2842 ὁμιλή

202 2913 205 2922 .
282 2859 343 2941 τάς
368 2861 540 2950 ἐργάζοιτο
566 2865 749 2954 μνήμονας.
802 2863 948 2957 Τοιούτῳ
975 2860 1143 2956 φαρμάκῳ
1168 2861 1209 2932 τά
1236 2868 1355 2948 μνήμον

199 2997 201 3006 “
283 2966 328 3048 Εἷς
352 2970 468 3056 βάθος
492 2983 561 3054 τοῖς
584 2981 761 3064 μμθηταῖς
781 2967 1010 3060 ἐνεχάραττες,
1035 2963 1060 3038 ὦ
1090 2972 1250 3058 Χαρίτων
1279 2964 1357 3036 άπο·
1407 3031 1408 3048 η

282 3083 349 3145 σῶν
365 3076 554 3170 άνάκτορον
571 3084 629 3167 σίν,
651 3088 705 3152 καί
720 3079 853 3168 Ἱύγγων
867 3087 923 3149 καί
939 3077 1112 3167 Σειρήνων
1127 3072 1355 3164 ίπαγωγὸτερε,
1407 3069 1408 3082 ³

282 3187 338 3252 καὶ
356 3188 486 3275 πείθων
508 3189 549 3258 τά
568 3201 661 3280 μέχρι
681 3193 742 3259 σοῦ
759 3187 992 3271 μυθευόμενα,
1020 3183 1064 3264 ῶς
1081 3184 1198 3272 άληθῆ
1220 3185 1280 3253 τοῦ
1298 3186 1357 3250 λοι·
1407 3265 1408 3274 ¹

283 3293 350 3361 ποῶ
377 3297 611 3366 πιστεύεσθαι·
654 3297 760 3388 ῶσπερ
788 3302 844 3366 καὶ
868 3296 907 3365 τὸ
930 3297 1128 3382 πολυμαθές
1157 3299 1215 3362 καὶ
1239 3294 1357 3362 πολλῶν

283 3401 465 3490 ίπιστήμον
487 3407 831 3498 ἐναπετίθειςισφίσιν
852 3406 887 3472 ἐν
901 3402 1009 3497 χρόνῳ
1030 3407 1150 3490 βραχεῖ
1166 3400 1224 3468 διά
1245 3401 1306 3468 τῶν
1321 3395 1356 3472 ῶς

282 3507 440 3579 ἑκάστοτε
459 3513 595 3600 ὁμιλιῶν
612 3538 673 3582 σου
692 3521 756 3581 τῶν
773 3507 1060 3599 άποβαπτομέὸων
1080 3507 1256 3610 είςπάσαν
1276 3512 1356 3590 λογι·

281 3613 344 3707 κήν
361 3624 522 3704 μέθοδον.
565 3622 611 3691 Οίι
631 3623 697 3711 γάρ
716 3624 773 3712 τῆς
790 3625 825 3689 ἐν
838 3633 947 3710 χεροῖν
961 3621 1076 3704 βίβλον
1091 3611 1196 3704 μόνης
1212 3611 1271 3683 τὸν
1288 3613 1357 3680 νοῶν

282 3719 480 3806 άνίπτυσσες
506 3730 542 3796 ἐν
562 3741 635 3809 ταῖς
660 3726 819 3820 ὁσημέραι
841 3721 1143 3811 συναναγνώσεσιν,
1166 3725 1227 3789 εἴτε
1246 3717 1288 3789 τά
1307 3717 1357 3803 τής

281 3823 469 3923 ἑρμηνείας,
491 3833 522 3903 εἰ
534 3836 599 3908 ὑπό
618 3849 652 3907 τι
665 3825 869 3925 μελαίνοιτο,
891 3837 1114 3910 διελεάκαινες·
1150 3823 1233 3897 άλλά
1255 3853 1290 3915 γε
1308 3825 1356 3893 καλ

280 3943 346 4016 τῶν
366 3937 474 4012 ἄλλων
493 3946 597 4016 πολλὰ
621 3946 808 4038 ξυνεφόρεις
825 3940 1054 4034 παραμιγυύς,
1075 3936 1134 4010 οῶκ
1156 3934 1282 4024 ε’ξῶροις
1298 3959 1357 4002 πα·

283 4049 470 4136 ραὸρομαῑς
496 4054 558 4122 τῶν
582 4062 801 4145 προκειμένων
826 4049 1118 4146 φιλοτιμούμενος,
1145 4043 1236 4138 παρά
1255 4047 1289 4114 δὲ
1307 4039 1357 4123 τῆς
