2864 4778
146 439 148 444 ’
218 411 268 488 54
417 433 606 486 nicomas
631 430 747 482 uenis
778 427 1101 482 nconnsusurca·
1194 401 1300 494 [can.

220 589 326 671 sqq.);
346 585 426 650 circa
447 606 557 650 annum
577 606 650 647 vero
669 582 731 646 515
750 579 876 646 esndern
903 593 1016 645 seete·
1036 578 1220 645 defendebat
1240 583 1309 644 Do-

223 691 364 771 rotheus,
393 687 552 774 episcopus
572 685 852 758 Thessalonicensis
872 683 984 765 (Mich.
1002 687 1100 769 Leqn.
1126 685 1147 751 l.
1163 707 1191 752 c.
1214 707 1245 772 p.
1263 686 1308 750 36

227 798 327 880 sqq).
370 793 488 858 Deinde
509 791 704 856 Thallelaeus
724 789 905 876 episcopus,
934 789 987 874 qui
1005 789 1082 886 inter
1098 786 1233 873 quintam
1250 811 1308 876 sy-

228 892 340 969 nodoin
358 910 389 961 et
407 896 612 982 pontificatum
629 893 767 980 Gregorii
786 897 833 960 Μ.
849 893 987 961 thronum
1003 893 1309 962 Thessalonicam

229 1003 372 1086 tenebat,
392 1000 561 1068 haereticus
580 1000 655 1078 luit,
677 1021 792 1084 negans
808 997 970 1065 trinitatem
988 997 1100 1076 (otim.
1119 1000 1217 1082 [ηπ.
1237 996 1264 1062 Ι.
1280 1019 1309 1060 n.

231 1133 264 1198 p·
278 1109 360 1177 39³.
399 1105 531 1172 Mortino
551 1127 623 1169 sero
640 1108 686 1183 l.‚
707 1125 786 1190 papa
804 1105 957 1185 Romano,
979 1118 1140 1184 regnante,
1162 1124 1232 1167 rens
1252 1100 1313 1166 im-

230 1214 352 1304 pietatis
376 1208 625 1278 monotheleticas
643 1207 789 1290 agebatur
808 1206 935 1289 Paulus,
963 1206 1123 1294 episcopus
1139 1206 1311 1272 Thessalo-

234 1317 365 1389 uicensis
385 1319 446 1397 (Μ.
463 1318 560 1397 quu.
575 1313 599 1377 l.
611 1335 639 1377 c.
654 1335 686 1398 p.
701 1307 745 1374 40
758 1318 855 1396 sqq.).
895 1314 1051 1378 Postremo
1068 1315 1218 1394 Joannes,
1239 1309 1313 1398 phi·

234 1422 392 1510 losoplsiae
418 1420 604 1502 aliarumque
630 1415 738 1480 artium
760 1414 1019 1502 conmantinopoli
1045 1415 1189 1498 magister
1209 1411 1314 1516 impe·

234 1543 321 1599 rente
345 1528 479 1592 (laesere
499 1523 619 1603 Bards,
647 1520 758 1586 deinde
776 1544 799 1587 e
815 1520 988 1607 Theophilo
1010 1519 1191 1606 imperatore
1211 1514 1315 1582 erchi-

236 1633 397 1721 episcopus
412 1625 694 1694 Thessalonicensis
711 1627 844 1708 electus,
866 1624 963 1712 primo
976 1637 1126 1710 tempore,
1147 1643 1238 1707 quum
1256 1620 1315 1685 ad·

241 1731 576 1818 huc'constsntinopoli
590 1729 719 1811 viveret,
740 1746 845 1799 sueton
860 1730 917 1799 luit
930 1727 1092 1796 haereseos
1104 1725 1318 1794 iconomacho·

241 1831 307 1906 runi
328 1837 440 1918 (Mich.
458 1840 556 1921 Lequ.
581 1836 604 1901 Ι.
618 1857 647 1902 c.
666 1857 698 1921 p.
715 1834 796 1916 tn).
836 1834 949 1915 Vides,
968 1857 1029 1900 non
1047 1847 1140 1899 totam
1155 1832 1317 1920 episcopd·

242 1967 307 2010 runs
325 1939 640 2011 'thessalonicensium
659 1954 731 2006 ante
753 1962 866 2007 annum
880 1939 946 2006 sut
967 1939 1075 2006 seriem
1098 1938 1318 2004 heterodoxiee

238 2063 313 2114 nota
329 2069 474 2134 vacasse3
510 2067 689 2130 quamquem
711 2045 763 2110 vel
786 2043 832 2110 sic
852 2043 1011 2131 episcopos
1028 2040 1319 2110 Thessalonicenses

241 2151 433 2232 encaeniata,
467 2151 494 2216 si
520 2152 625 2239 plores
649 2149 771 2216 omnino
797 2149 971 2237 spectabat,
1001 2149 1190 2216 orthodoxos
1214 2146 1319 2212 dicere

240 2272 379 2345 poterat,
399 2271 432 2322 nt
451 2255 578 2322 aliorum
596 2255 751 2320 civitatum
769 2255 1022 2341 archiepiscopos.
1060 2251 1320 2320 Thessalonicen·

243 2387 293 2429 ses
327 2385 401 2428 vero
431 2361 588 2448 praesules
613 2362 735 2446 quidam
763 2359 794 2424 in
822 2360 905 2426 bello
933 2361 988 2428 illo
1012 2357 1227 2426 iconoclastico
1259 2383 1320 2424 non

241 2466 393 2552 ignobiles
413 2465 553 2534 extitere.
595 2469 654 2532 Pro
674 2464 856 2549 imaginibus
876 2465 957 2531 enirn
974 2464 1098 2552 scripsit
1114 2468 1249 2531 loannes
1262 2465 1319 2543 11.,

244 2571 488 2658 archiepiscopus
512 2571 795 2636 Thessalonicensis
817 2593 882 2636 sec.
906 2574 971 2637 Vll
992 2569 1104 2650 (Mich.
1128 2571 1226 2654 Lequ.
1249 2570 1274 2634 l.
1289 2591 1319 2633 c.

243 2697 274 2763 p.
286 2672 376 2755 42.);
397 2674 437 2740 de
454 2698 512 2760 quo
528 2675 597 2740 viro
612 2676 664 2761 egi
680 2677 711 2742 in
728 2673 859 2740 Diosert⁴
874 2674 983 2743 histor.
1000 2697 1073 2762 pag.
1081 2675 1137 2740 51.
1166 2672 1320 2760 Iosephus

198 2803 201 2810 ¹
242 2799 333 2856 vero,
356 2777 476 2860 praesul
494 2779 775 2846 Thessalonicensis
800 2801 863 2845 sec.
878 2783 948 2861 lx,
970 2779 1012 2846 ob
1036 2795 1186 2846 strenuam
1209 2779 1322 2864 imagi·

244 2903 315 2946 num
344 2879 551 2948 defensionem
575 2883 607 2949 in
630 2908 751 2954 carcere
775 2886 857 2950 dien
879 2885 957 2950 obiit
980 2884 1099 2964 (Mich.
1122 2886 1222 2967 Lequ.
1246 2883 1269 2948 l·
1293 2905 1320 2949 c.

245 3009 278 3073 p.
294 2985 440 3068 43sqq.).
482 2989 624 3052 Ceterum
641 2990 673 3054 in
691 2992 774 3056 omni
796 2993 877 3056 cultu
896 2989 1065 3077 imaginum
1083 2987 1229 3073 reliquias
1240 2990 1322 3052 Ssu-

248 3106 362 3156 ctorom
382 3113 443 3154 non
463 3091 575 3158 nullius
597 3095 737 3160 momenti
753 3118 839 3177 esse,
865 3093 1035 3159 etiamnunc
1053 3115 1112 3176 ego
1131 3091 1321 3158 statuendum

248 3211 338 3284 puto:
359 3193 464 3260 harum
481 3211 581 3262 autern
593 3198 788 3282 reliquiarum
803 3215 905 3286 partes
919 3199 951 3264 in
964 3197 1323 3266 sacmsThessslonicen·

248 3301 327 3366 sium
351 3311 475 3384 magnas
492 3300 604 3383 luisse,
632 3302 800 3368 monuimus
818 3304 850 3368 iar
865 3303 995 3369 Dissert.
1009 3302 1154 3368 historica
1170 3324 1202 3389 p.
1218 3302 1262 3367 32
1272 3323 1321 3384 sq.

249 3409 403 3470 Postremo
422 3404 548 3492 scriptor
564 3409 702 3471 Gmecos
719 3407 814 3472 seculi
829 3406 953 3490 decimi,
974 3405 998 3472 i.
1012 3431 1043 3473 e.
1060 3405 1109 3474 vir
1125 3407 1233 3472 doctus
1255 3417 1323 3492 pust

250 3509 381 3578 schisma
406 3509 698 3576 Graeco-Latinum
717 3511 874 3594 scribens,
902 3511 1063 3580 ecclesiam
1089 3533 1177 3578 snann
1201 3525 1324 3598 propter

249 3613 428 3698 obsequium
444 3613 541 3678 veteri
556 3617 671 3679 Romae
687 3617 863 3701 praestitum
883 3617 939 3682 six
951 3616 1096 3698 laudare,
1120 3639 1220 3701 eoque
1234 3615 1324 3682 titulo

250 3718 451 3786 orthodoxam
467 3739 536 3782 eam
553 3718 657 3784 dicere
674 3720 782 3806 potuit.
829 3723 914 3786 Laus
933 3719 1018 3786 enirn
1034 3719 1236 3788 orthodoxiae
1255 3733 1325 3786 ano

251 3823 382 3888 schisma
394 3825 579 3895 Graecorum
597 3824 710 3889 collsta
727 3824 821 3890 aliurn
841 3848 962 3890 sensum
974 3824 1092 3908 habuit,
1111 3847 1201 3910 quarn
1215 3825 1324 3890 eadere

249 3931 318 3994 laus
344 3942 413 4014 post
436 3925 513 3996 illud
537 3927 689 4013 imperite.
727 3933 835 4015 Neque
857 3944 907 3996 est
928 3928 1180 4008 ventositatis,
1203 3927 1324 3995 lsudere

249 4029 535 4104 cambonensis
544 4031 746 4102 orthodoxiae
756 4047 1019 4122 pomoonpors
1030 4033 1162 4104 maine
1169 4031 1268 4098 nisan
1278 4030 1326 4098 di·v
