2874 4776
501 473 810 528 Pubescentem.
1090 477 1203 533 mx

119 622 250 708 Graeci,
272 621 382 709 quibus
400 621 595 712 inscriptum
622 621 1044 696 ΘΕΣΣΑΛΟΝΙΚΕΩΝ
1059 631 1205 700 ΕΔΗ.-

124 732 325 812 ecam,
351 730 589 798 annonariae
610 732 678 815 (i),
699 731 831 818 Augusti
848 733 978 816 ιοιοιίι,
993 737 1113 824 capite3
1143 737 1203 805 ibi·
1232 751 1253 796 ὓ

121 841 252 923 demque
278 843 329 906 M.
357 841 470 906 ΑΝΤ.
496 842 607 906 AY'l'.
628 844 667 906 Γ.
690 843 786 906 ΚΑΙ.
807 841 935 920 ml,
965 860 1032 906 euna
1056 841 1204 930 picturiae

121 945 290 1029 gradientia
309 945 459 1028 imagine,
487 945 583 1010 altere
603 967 692 1011 naanu
713 967 871 1027 mannaan,
892 947 987 1011 altere
1006 949 1135 1033 palmam
1154 962 1204 1014 te·

123 1048 235 1116 nentis.
276 1055 321 1114 V.
337 1049 468 1114 Eelshel.
489 1051 529 1114 D.
542 1053 582 1116 Ν.
599 1055 641 1116 V.
665 1053 742 1117 vot.
756 1053 788 1117 2.
805 1074 836 1137 p.
853 1050 905 1118 79.
934 1049 1084 1122 hliunnet.
1101 1053 1202 1123 deser.

124 1155 163 1218 de
182 1152 316 1219 tne'deill.
336 1169 398 1218 ant.
419 1154 494 1219 Vol.
509 1156 535 1220 1.
554 1176 585 1241 p.
599 1141 671 1220 495.
712 1157 821 1220 Factus
843 1153 899 1219 bus
919 1171 1024 1219 nunus
1044 1155 1083 1221 ob
1104 1156 1205 1222 vietu-

122 1258 198 1324 riam
224 1259 352 1324 Antonii
373 1259 562 1344 Augustique
583 1257 806 1345 Philippensem
834 1271 864 1323 et
892 1255 1060 1324 libertatem
1086 1261 1206 1329 civitati

123 1364 283 1443 danaum,
314 1363 371 1428 rite
391 1363 495 1427 statuit
511 1361 683 1428 Eclahelius
701 1363 725 1429 l.
748 1383 776 1429 c.
817 1367 858 1427 lit
876 1361 966 1445 vida,
996 1385 1035 1428 na
1054 1365 1206 1433 Octaviae

121 1467 223 1552 image
242 1465 313 1532 iden
332 1467 470 1553 apposite
488 1466 549 1549 sit,
570 1471 651 1553 quud
671 1469 795 1534 multum
814 1467 886 1538 huic
905 1465 1024 1533 mulieri
1041 1469 1072 1533 in
1094 1491 1206 1556 prcca-

121 1573 220 1640 randa
238 1573 377 1639 libertate
393 1571 503 1636 Gracci
517 1571 630 1638 debere
647 1573 790 1659 paucist.
830 1572 936 1636 Ludus
951 1594 1070 1657 quaque
1083 1572 1117 1637 in
1130 1595 1207 1638 aaa·

125 1680 194 1746 dean
216 1695 277 1743 rem
298 1676 445 1758 conditus,
467 1677 518 1742 alii
533 1679 615 1745 numi
628 1679 736 1744 decent
750 1675 912 1758 (Pellenin.
928 1678 1061 1763 anelang.
1085 1679 1159 1746 Vol.
1173 1689 1206 1746 2.

125 1804 159 1870 p.
177 1783 209 1846 3.
232 1781 331 1846 llekh.
352 1796 382 1845 et
398 1781 517 1848 Miann.
534 1784 556 1846 l.
576 1784 635 1866 c.),
648 1783 726 1849 ‘calb
744 1782 801 1864 iis,
829 1804 907 1867 quae
926 1781 964 1846 de
983 1805 1017 1847 rs
1038 1784 1208 1849 Thessala·

126 1887 291 1951 nicensium
312 1887 478 1970 agonistica
498 1887 558 1952 alio
579 1887 669 1971 hujtis
687 1887 906 1955 dissertationis
926 1887 992 1953 lecu
1006 1885 1207 1952 monebimus.

128 1993 193 2057 Sed
219 1991 382 2056 videndum
404 1993 442 2056 de
461 1993 529 2078 ipsc
549 1992 698 2058 libertatis
720 1992 884 2074 beneficio,
912 1991 1037 2060 Graecis
1057 1990 1096 2056 cb
1116 1991 1209 2056 fidem

129 2085 263 2160 Antbnin
276 2095 505 2181 Octavianuqne
519 2096 693 2184 praestitam
713 2095 877 2163 honorifice
895 2117 1048 2162 concessu.
1089 2095 1211 2159 Libera

128 2202 243 2266 ciuiles
258 2200 337 2265 lacta
351 2213 397 2265 est
409 2202 638 2283 Thessalonica,
660 2215 692 2266 ut
701 2203 785 2286 juste
802 2201 921 2268 numine
936 2216 1015 2281 utar,
1037 2199 1122 2283 eujus
1135 2222 1210 2263 sen·

128 2326 195 2368 sum
214 2302 321 2369 ntelius
339 2305 408 2371 aliis
425 2305 587 2372 illustravit
605 2305 786 2370 llirksenius
804 2305 854 2372 in:
878 2307 916 2369 V
912 2307 1038 2370 nesiche
1053 2327 1112 2367 zius·
1126 2305 1210 2367 Kri-

127 2412 179 2476 tit·
191 2411 260 2474 uad
273 2414 462 2494 Auslegung
478 2413 537 2477 des·
549 2414 680 2499 Quellen
691 2413 746 2477 cles
759 2411 853 2476 Rem.
868 2411 997 2476 Rechts.
1019 2406 1105 2494 Lips.
1117 2404 1210 2474 1823.
1320 2477 1322 2484 Α

131 2513 281 2596 (Dissert.
297 2510 327 2580 4.
345 2531 376 2600 p.
398 2516 459 2580 ltu
472 2521 567 2600 (ιιι).
607 2517 761 2581 (lunceasa
778 2515 871 2600 igitur
889 2511 1211 2580 Thessalonicensibus

129 2619 314 2701 autunusnia,
334 2618 358 2684 i.
379 2643 406 2684 e.
427 2619 516 2706 patrii
529 2620 609 2704 juris
629 2641 701 2685 usus
722 2621 846 2700 (Ditks.
868 2623 890 2687 l.·
908 2643 935 2687 c.
955 2640 1025 2706 pag.
1039 2613 1148 2696 146.);
1169 2612 1214 2679 li«

130 2722 236 2788 berum
257 2723 317 2788 suli
338 2722 501 2789 dominium
523 2725 580 2805 (id.
599 2725 642 2789 ib.
665 2749 695 2812 p.
709 2727 814 2809 148.);
835 2724 1008 2791 immunitus
1029 2742 1049 2786 s
1067 2733 1214 2807 perpetuu

131 2827 285 2914 praesidia
302 2832 504 2912 Romanarum
527 2830 649 2895 militari
669 2831 730 2908 (id.
751 2831 829 2912 ib.);
846 2832 883 2911 ⁹)
904 2829 983 2894 unde
1003 2827 1058 2890 lux
1079 2823 1216 2888 abnuitur

130 2928 376 3016 inscriptionibus
396 2919 719 3000 Thessalonicensibus
739 2937 876 3015 (Gruter.
894 2932 986 2996 inser.
1004 2951 1075 3015 pag.
1093 2927 1165 3006 539,
1178 2925 1213 2990 9.

131 3035 205 3110 547.
219 3038 281 3116 2.),
303 3059 380 3120 quae
400 3039 439 3102 de
459 3037 605 3103 militibus
626 3038 803 3124 quibusdem
825 3035 990 3103 nubentium
1013 3039 1217 3098 Romanas-ana

131 3139 177 3204 ibi
197 3141 369 3224 degentium
391 3157 495 3222 egunt.
536 3146 600 3208 liae
620 3134 1218 3225 eninicohortes,quotempore'1'hes·

132 3244 268 3308 sunnine
287 3245 427 3310 libertate
446 3269 501 3311 sua
520 3249 688 3331 gaudebat,
719 3261 893 3334 perpetuam
913 3243 957 3308 ibi
976 3243 1136 3307 stationem
1157 3238 1217 3300 he·

99 3417 102 3426 ,
133 3346 206 3414 bere
236 3372 295 3414 nun
315 3364 469 3437 peterent3
499 3373 669 3438 quanquam
692 3375 749 3436 ego
769 3348 931 3416 nandum
920 3345 1043 3425 inveni,
1072 3338 1218 3427 quamdiu

134 3452 192 3518 sub
214 3455 358 3520 Romanis
377 3471 486 3520 statum
507 3479 593 3525 suum
612 3455 740 3521 liberum
760 3454 869 3520 civitas
889 3465 992 3516 nudae
1010 3445 1152 3514 tennerit.

217 3559 334 3624 Verum
355 3560 415 3626 huc
434 3560 653 3628 dissenutiunia
669 3560 737 3652 luen
753 3541 907 3624 cammada
927 3553 1076 3641 quasdam
1094 3551 1133 3615 de
1152 3547 1218 3612 lua·

136 3718 379 3738 Μ

174 3849 203 3914 s)
230 3849 309 3924 Haec
339 3856 406 3904 suut
432 3843 589 3922 libertatis,
618 3847 654 3905 de
702 3849 774 3904 End.
791 3845 832 3902 ib.
850 3863 881 3918 p.
895 3845 986 3900 118-
992 3843 1052 3897 151.
1088 3840 1132 3890 De
1149 3848 1217 3888 cau-

141 3919 258 4005 (ιιιςιειι
262 3949 342 4002 (ιιι,(ε
369 3934 501 3990 notiones
520 3951 654 3990 necesse·
703 3932 811 3990 sia'sh
783 3950 830 4000 ιιιιι
814 3922 1004 3985 usliibertats
1023 3917 1216 4004 (leuandam.

141 4015 217 4088 riae,
246 4019 309 4076 cell.
333 3972 369 4073 bi
373 4019 430 4073 abs.
457 4021 475 4073 Ι.
497 4035 523 4074 c.
546 4037 576 4091 p.
595 4023 655 4076 ltu.
702 4019 796 4074 Eunai.
815 4012 888 4071 ibid.
905 4031 934 4084 p.
952 4013 1002 4065 153
1021 4023 1065 4076 sq.

143 4101 233 4158 Aliae
252 4109 321 4159 atatat
349 4104 554 4176 secundariae,
588 4109 654 4162 cell.
