2864 4778
485 475 797 528 PROLEGOMEM·
1033 481 1157 534 Lxxxt
1163 487 1191 536 ll

108 637 201 690 extra
227 621 331 690 orbem
357 622 457 709 posita
476 645 544 693 cnm
562 624 715 692 suburbiis
734 625 926 710 combussit,
943 629 1049 697 addite
1068 636 1193 700 comni·

109 729 252 811 natione,
280 751 394 794 senon
415 729 584 814 abiturum,
611 730 667 796 scd
692 730 770 798 elias
798 730 1004 819 plurimasque
1028 741 1194 820 gentesin,

108 834 260 899 auxilium
281 845 466 900 vocaturum.
499 837 654 901 Postremo
670 832 970 918 Thessalonicenses,
990 863 1056 905 mam
1070 843 1194 928 triginta

110 935 280 1003 obsidionis
294 936 360 1002 dies
376 938 612 1024 praeteriissent,
633 938 790 1024 quaedam,
812 940 922 1026 quibus
938 965 1000 1030 pax
1018 947 1115 1030 lieret,
1137 931 1194 1015 ols-

110 1042 222 1108 tulere.
269 1046 316 1109 lla
343 1042 480 1110 barbaris
507 1043 644 1130 placente
674 1046 824 1110 exereitus
851 1059 953 1112 eorum
979 1048 1012 1113 in
1038 1052 1106 1118 loca
1133 1053 1195 1120 sibi

112 1146 273 1232 designata
297 1147 445 1216 abscedit.
492 1151 587 1215 Facta
611 1169 687 1234 pace
713 1149 850 1234 captivos
877 1173 972 1237 perro
1000 1156 1097 1241 pretio
1123 1162 1195 1225 rod·

112 1252 204 1334 dunt,
226 1252 418 1336 divulgantes
439 1253 565 1318 salutem
587 1250 703 1322 civitati
724 1253 869 1320 divinitus
889 1258 1105 1343 condonatam,
1128 1287 1196 1328 suu·

110 1379 214 1422 rorum
233 1356 265 1422 in
285 1370 384 1422 terrae
402 1373 483 1424 motu
504 1357 684 1444 prodigium,
706 1379 855 1424 armorum
875 1383 995 1427 sucrum
1012 1363 1075 1430 vim
1093 1366 1196 1436 oblata

110 1461 233 1526 visione
253 1461 428 1528 invalidam.
469 1462 596 1529 Ultimas
615 1461 721 1527 laudes
742 1463 896 1528 monendis
913 1464 1195 1538 Thessalonicensi·
1308 1477 1314 1496 ⁸
1377 1477 1380 1492 '

112 1566 172 1630 bus
198 1566 322 1650 deberi,
352 1570 494 1632 Sanctum
521 1589 607 1632 suum
635 1565 896 1653 praedicantibus,
927 1573 1029 1637 nullus
1055 1576 1195 1660 equidem

20 1725 24 1734 .
111 1669 231 1736 dubito.
270 1670 422 1737 davides
446 1671 533 1737 initia
559 1672 706 1755 quasdam
727 1686 757 1736 et
776 1674 889 1738 semina
910 1675 1195 1766 fideillhristiance

107 1775 175 1858 jann
202 1791 264 1840 tum
289 1776 321 1841 in
341 1775 457 1841 animos
476 1775 631 1860 gentilium
652 1774 862 1842 Sclavinorum
882 1781 1034 1865 conjecta;
1064 1807 1142 1870 qaae
1163 1805 1195 1854 ut
1223 1851 1225 1858 ,

110 1896 294 1962 senescerent,
313 1880 487 1948 clericorum
504 1883 687 1948 Graecorum
705 1880 786 1968 piam
801 1881 1002 1972 solertemque
1016 1885 1192 1957 industriam

110 2001 146 2050 ut
167 2000 273 2072 postea
293 2007 414 2050 curasse
433 1985 599 2054 exllistimo.
1055 2044 1058 2054 ,
1205 1996 1249 2064 58

197 2093 244 2152 De
271 2105 375 2174 quarto
396 2090 603 2157 sclavinorum
630 2091 719 2158 bello·
733 2091 999 2160 Thessalonicensi
1026 2098 1112 2166 veria
1138 2103 1193 2168 ob·

53 2219 54 2222 ’
110 2196 266 2262 servanda
295 2196 447 2266 videntur.
498 2201 646 2264 Constans
671 2201 735 2279 ll.,
769 2199 1006 2284 Byzantinorum
1030 2201 1195 2292 imperator
1255 2235 1262 2251 ⁸

110 2323 143 2366 a.
163 2301 362 2392 6427-668,
384 2302 495 2366 bellurn
515 2302 634 2385 quidem
655 2323 722 2365 oum
740 2299 892 2366 Sclavinis
911 2302 1029 2387 imperii
1049 2307 1096 2370 nui
1116 2331 1196 2376 enus

111 2409 197 2471 xvt
220 2407 314 2489 gessit
337 2407 485 2492 (Gedren.
507 2404 580 2471 hist.
600 2426 632 2490 p.
649 2405 722 2469 435.
743 2404 794 2470 ed.
816 2405 923 2485 Paria,
944 2407 1017 2474 coll.
1030 2409 1196 2498 Theopha-

110 2508 162 2573 nis
182 2508 342 2592 chronogr.
362 2534 392 2598 p.
412 2511 486 2578 288.
508 2510 557 2576 cd.
580 2510 710 2590 Parin),
740 2509 937 2596 pluribusque
957 2511 1053 2599 captis
1073 2516 1197 2580 Sclavi·

109 2615 194 2676 niam
224 2613 409 2698 provinciam
430 2613 490 2679 sibi
511 2612 638 2698 subjecit
658 2613 818 2701 (Theoph.
839 2614 863 2680 l.
884 2619 950 2696 o.);
981 2617 1062 2700 quod
1085 2617 1197 2686 bellurn

109 2717 145 2782 in
164 2739 276 2782 annum
297 2717 493 2784 carissima
513 2716 644 2782 vetent
665 2718 762 2799 cadit,
790 2719 862 2786 coll·
883 2718 1078 2807 scriptoribus
1106 2725 1196 2792 modo

109 2823 176 2888 citt.
218 2825 334 2887 Verum
354 2820 438 2887 illem
459 2819 644 2888 Sclariniam
661 2822 814 2910 Byzantio
834 2822 1003 2909 propiorem
1024 2825 1119 2898 luisse
1138 2851 1197 2914 pu·

110 2940 156 3006 to,
179 2947 268 3010 quarn
283 2949 361 3007 eam,
383 2926 421 2991 de
441 2949 500 3011 quc
518 2940 621 2990 noster
636 2927 815 3012 Anonymus
836 2927 911 3011 agit.
952 2929 1022 3014 lpse
1038 2929 1118 2998 enim
1135 2933 1197 3012 <aio

111 3028 190 3094 mihi
210 3028 348 3112 videtur)
367 3029 530 3116 imperator
549 3030 580 3096 in
601 3029 714 3095 bellum
734 3044 932 3116 processerat.
973 3033 1092 3100 Deinde
1112 3037 1197 3109 unslla

111 3133 187 3198 urbs
207 3131 354 3200 illustrior
364 3130 571 3217 ‘memoratum
602 3134 655 3200 ubi
676 3123 819 3200 bellatum
839 3134 907 3202 luit.
948 3137 1091 3223 Sequitur
1112 3143 1196 3209 Gon-

47 3274 53 3292 ·
113 3236 265 3302 staulinus
283 3239 334 3300 lv
357 3240 526 3321 Pogonatus
548 3244 593 3318 (a.
613 3237 835 3316 668,-685.).
877 3239 977 3322 Hujus
1004 3264 1083 3310 anae
1111 3245 1197 3311 deci·

112 3367 175 3422 nno,
198 3341 265 3406 sive
284 3365 362 3407 anno
385 3343 498 3408 Christi
518 3344 623 3432 6787-
632 3343 725 3424 679.,
748 3341 874 3424 Bulgari
894 3344 1054 3412 Thraciam
1070 3349 1196 3416 invase·

110 3461 194 3514 runt.
224 3447 360 3530 (luraque
375 3446 521 3513 adversus
538 3471 591 3513 eos
605 3445 768 3534 imperator
781 3446 882 3533 copias
896 3437 1063 3533 eduxisset,
1086 3453 1196 3522 Gracci

111 3551 188 3616 victi
207 3566 296 3632 sunt,
317 3551 460 3636 multique
481 3551 655 3618 desiderati.
696 3551 926 3638 Pacemitaque
946 3552 1108 3641 imperator
1128 3579 1195 3622 cura

111 3655 153 3721 iis
170 3655 253 3737 lecit,
276 3655 376 3722 omnia
393 3657 515 3743 cupiens
528 3671 633 3743 pecata
649 3645 780 3720 haberat
798 3656 866 3740 ejus
883 3679 956 3722 vero
971 3658 1133 3726 stoliditate
1146 3683 1196 3730 ret

111 3759 288 3840 Christiana
306 3760 437 3856 dedecus
452 3762 577 3845 accepit.
606 3767 693 3828 Haec
707 3762 798 3829 tradit
810 3764 965 3856 cedrenus
983 3764 1056 3830 hist.
1078 3760 1195 3850 phi&
1331 3795 1334 3799 ·

112 3866 163 3932 ed.
183 3864 280 3930 Paris.
320 3864 411 3930 Adde
430 3863 631 3950 Nicephorum
648 3868 839 3954 cpolitanurn
860 3868 1058 3956 histon'pag.
1074 3864 1195 3938 ahad.

112 3970 213 4040 Paris.
236 3973 238 3978 ’
256 3971 295 4034 llt
309 3969 422 4034 hahent
439 3991 475 4034 ea
491 3991 557 4032 oum
573 3973 713 4037 Actorum
729 3979 895 4039 nostrorum
910 3973 1194 4058 narrntlouenquani·

110 4078 181 4156 darn
206 4072 450 4156 similitudinem,
488 4097 577 4166 quam
603 4075 648 4142 ita
675 4076 814 4161 eqpideaa
845 4078 994 4219 concedo*³
1024 4090 1057 4143 ut
1072 4075 1193 4146 'bellant
1224 4087 1227 4098 '

949 4181 966 4243 l

770 4363 783 4400 l·
