2890 4774
286 429 363 510 41⁰
725 446 939 502 εενεεαιι.
1255 431 1346 524 [effi
1409 459 1410 490 ι

286 605 349 686 τάς
372 605 510 693 καρδίας
538 598 715 682 ἐπόταξας.
754 597 1005 692 Ἐπειράθησάν
1024 626 1087 673 σου
1106 606 1171 674 τών
1190 597 1347 694 ἀηττήτων
1409 609 1410 618 ’

281 717 408 806 χιιρών.
435 706 596 797 Ἔμοιθόν
615 732 660 785 σε.
680 713 736 776 καὶ
755 715 790 776 λυ
806 713 943 796 βουλαῖς
960 712 1161 798 θαυμαστόν
1175 715 1252 805 ὑπὲρ
1270 718 1347 798 υίοὺς

282 820 482 910 ἀνθρώπων,
501 821 557 886 καὶ
572 824 605 884 ίν
619 822 771 903 πολέμοις
785 817 945 905 κραταιόν
959 825 1016 887 καί
1032 818 1258 912 ἀπρόσμαχον
1277 851 1344 917 πρη·

284 929 418 1020 στήριον
435 924 496 1008 τάς
510 936 643 1022 φρίκας·
665 925 902 1014 κεραυνοβόλου
920 924 981 1005 τάς
993 933 1116 1016 χεῖρας·
1138 932 1215 1015 όξὺν
1231 919 1346 1022 βουλεὺ

283 1047 430 1110 σασθαι·
451 1042 552 1126 ταχὺν
567 1034 801 1117 ίπποίσασθαι,
820 1020 914 1106 gaza*
925 1040 961 1105 ὑὲ
976 1035 1148 1128 ἄρασθαι,
1169 1034 1240 1109 οἷον
1256 1037 1346 1119 οὑὺείς

279 1144 513 1235 ἀποστήσεται.
550 1149 619 1212 Καὶ
649 1133 691 1230 ἦν
711 1145 809 1211 τοῦτο
829 1143 921 1228 τάξις
942 1141 1061 1235 ἀρίστη
1088 1152 1144 1217 καὶ
1170 1146 1345 1219 ἀκολουθία

281 1256 419 1348 φύσεως.
452 1253 517 1324 Ὃν
535 1255 600 1343 χάρ
617 1253 711 1323 αὑτοὶ
728 1248 863 1338 ἀριστέα
878 1245 964 1323 εἶδον
979 1264 1012 1324 ετ
1029 1258 1215 1344 προοιμίοις
1230 1255 1346 1346 ἀνδρὸς,

278 1367 334 1442 ὅτι
359 1368 456 1450 μήπω
481 1367 564 1450 μηδὲ
587 1366 682 1448 χάρις
701 1357 802 1448 χλόης
826 1364 966 1451 φυσικῆς
988 1362 1218 1433 ἀνατέλλουσα
1240 1362 1344 1454 ἤνθει,

278 1480 335 1544 καί
361 1474 419 1542 τὸν
449 1475 508 1540 τοῦ
530 1466 703 1558 προσώπου
727 1469 868 1554 λιιμώνα
896 1473 1092 1560 περιίτρεχε,
1129 1479 1201 1544 οἴου
1227 1478 1345 1550 ἔμελλον

276 1578 396 1650 τοὺτσυ
418 1574 665 1668 παρώσασθαι,
692 1573 746 1642 ὅτε
766 1575 850 1654 θεὸς
870 1573 973 1647 αὑτὸν
995 1585 1050 1646 καὶ
1070 1576 1115 1661 εἰς
1135 1577 1260 1669 ἀνδρὸς
1278 1587 1345 1652 ἐντί·

275 1694 368 1758 λειαν
387 1689 537 1770 ἔστησενς
562 1677 616 1752 Ἦ
626 1680 758 1761 πάντας
775 1682 942 1768 τοιούτου,
964 1681 1036 1754 σ’ίου
1052 1686 1110 1769 τὴν
1130 1692 1258 1758 ἐκείνων
1273 1683 1355 1756 ἀπα

273 1821 339 1865 σαν
357 1798 560 1887 σωφρονίσαι
582 1793 706 1878 μανίαν
728 1789 923 1880 τραὺμασιν.
967 1795 1085 1865 (ώὺασι
1103 1805 1226 1884 μεσοῦν
1244 1801 1346 1868 ἐκείνοι

273 1908 397 1981 ταῦτα,
418 1909 475 1970 καί
496 1910 539 1990 yn*
559 1905 594 1969 δὲ
614 1895 634 1987 ἦ
657 1899 828 1986 σύμπασα.

354 2010 387 2076 6.
419 2011 502 2097 Ἰιχώ
527 2015 636 2078 δίκαι
657 2007 698 2075 τά
718 2009 776 2094 τῆς
792 2006 954 2097 Εὐρώπης
973 2007 1085 2094 αὑτοῖς
1107 2011 1343 2103 ἀναβοὴσομαι,

271 2114 331 2206 οὑχ
357 2117 410 2186 ὅτι
437 2119 484 2205 μὴ
512 2122 695 2189 καὶταῦτα
723 2120 846 2185 οἴδασι.
887 2119 968 2196 Πώς
994 2115 1061 2208 χάρ
1087 2113 1203 2205 ἦνκαὶ
1225 2129 1342 2201 λαθεῖν,
1410 2157 1411 2162 ’

269 2228 359 2298 ἔνθα
385 2228 406 2315 ἦ
435 2225 530 2318 φήμη
557 2229 623 2294 τών
649 2229 815 2310 τροπαίων
841 2222 885 2305 εἷς
912 2233 1025 2294 πᾶσαν
1050 2232 1114 2314 γῆν
1141 2229 1342 2321 περιήχηται,

189 2355 193 2372 ’
270 2336 401 2421 καὶ(τὺ
422 2333 639 2422 ὑμνοὺμενον)
658 2327 736 2417 ὦζεν
753 2330 773 2418 ἡ
790 2331 961 2419 οἰκουμένη
988 2343 1052 2401 τῶν
1072 2339 1108 2404 δν
1125 2337 1271 2435 Εὐρώπῃ
1291 2365 1342 2408 πο·
1410 2369 1413 2422 ι,

267 2445 386 2529 λεμίων
407 2447 548 2531 νεκρῶν,
571 2448 626 2512 καὶ
647 2445 712 2509 τών
734 2447 947 2532 βαρβαρικῶν
975 2444 1102 2512 ἐκείνων
1121 2444 1340 2533 πτώμάτιινό
1410 2423 1413 2480 ‘¹

159 2581 163 2598 ·
192 2561 196 2568 “
266 2549 368 2631 τὺπος
389 2556 546 2638 περιῆλθε
566 2553 644 2632 τοὺς
664 2548 858 2640 ἁπανταχοῦ
878 2553 954 2639 γῆς,
975 2558 1189 2642 περιηχηθεὶς
1211 2552 1257 2634 είς
1276 2552 1343 2636 λξεί·

265 2684 426 2745 κουστανς
438 2655 483 2729 “0
497 2658 535 2749 δή
556 2686 643 2741 τινος
658 2665 708 2728 ἐπὶ
721 2663 856 2743 σεισμοῦ
873 2659 1116 2750 λφαντιίοαντο,
1134 2658 1341 2738 ὑπονοοῦντα

264 2766 380 2861 λόφων
407 2767 582 2863 ὑψώματα·
602 2773 843 2855 κατενεχθέντα
868 2770 927 2849 τῆς
953 2764 1113 2846 στάσεως,
1140 2775 1195 2838 καὶ
1224 2769 1339 2860 κατάρ·

263 2871 369 2961 ξαντα
386 2876 553 2946 τινάσσειν
572 2883 634 2962 μὶν
651 2876 711 2958 τὴν
728 2877 873 2962 προσεχῆ
888 2877 964 2963 χῇν,
986 2877 1221 2949 κατασαλεὺαν
1239 2881 1338 2949 δὲκαὶ
1412 2931 1413 2938 ι

261 2986 326 3057 ὅσα
342 2985 490 3074 ἐχόμενα.
534 2980 626 3055 (λὺτιι
641 2988 832 3072 κάνταῦθα,
849 2983 935 3069 πλὴν
952 2981 997 3062 εἰς
1015 2985 1189 3073 ἀλήθειαν,
1213 2989 1339 3057 ἔπιπτεν

261 3094 519 3182 κατασειόμενον
549 3097 743 3184 Εὑρωπαῖον
778 3090 922 3184 ὀφρυόεν
954 3095 1090 3163 ἑθνικὸν
1116 3093 1338 3181 ἐπανάστημα,

261 3209 317 3272 καί
337 3200 356 3272 ό
377 3201 485 3297 φόβος
506 3202 551 3285 είς
566 3203 679 3274 Ἀσίαν
700 3205 856 3288 διέβαινε,
888 3210 942 3272 καί
967 3211 1112 3271 κατέσειε
1125 3200 1173 3273 ’τὸ
1194 3203 1336 3298 ἀλλόφυ·

259 3318 333 3394 λον,
363 3318 419 3380 καί
442 3312 483 3380 τθ
505 3315 565 3382 τοῦ
585 3316 743 3399 βασιλέως
764 3305 814 3378 ὑπ’
836 3306 1030 3402 ἀμφοτέρας
1047 3315 1181 3397 βλέμμα
1201 3313 1266 3380 ὅσα
1286 3313 1337 3379 καί

257 3424 344 3489 θεοῦ
362 3426 417 3488 καὶ
436 3419 560 3504 ταύτην
576 3418 727 3516 κάκείνην
743 3425 870 3506 τρέμειν
886 3423 995 3486 ἐποίει.
1038 3415 1166 3487 θὺκοῦν
1185 3420 1261 3488 οὑδὲ
1281 3417 1337 3495 τάς

257 3526 418 3616 δυσμικάς
446 3526 627 3615 ἀγνοοῦσιν
647 3526 880 3617 ἀριστουρχίας
903 3531 935 3596 οἱ
960 3531 1033 3616 περὶ
1055 3531 1120 3613 γῆν
1142 3531 1279 3610 ἐκείνην,
1298 3524 1336 3611 ἣν

253 3646 362 3728 ἐφορᾷ
379 3632 468 3721 ἥλιος
488 3637 689 3738 πρωτοφαής
706 3633 918 3714 ἀναπετάσας
938 3634 977 3705 τὸ
993 3639 1174 3729 βλέφαρον.
1206 3639 1278 3704 Καὶ
1295 3622 1334 3722 ἦν

253 3754 315 3832 μὲν
330 3743 368 3814 οὑ
386 3747 469 3837 πρὸς
485 3745 650 3834 ἀνάχκης,
673 3743 715 3814 τά
736 3751 873 3812 τοιαῦτα
891 3749 960 3821 τοῖς
975 3742 1193 3828 μεμαθηκόσι
1212 3746 1330 3812 λαλεῖν·

252 3854 314 3938 τὴν
339 3859 374 3921 δὲ
397 3853 478 3942 ἐμὴν
502 3858 657 3942 γλῶσσαν
680 3883 700 3936 η
728 3854 787 3937 τῆς
807 3853 981 3936 βασιλικῆς
1005 3851 1176 3938 θερμότης
1198 3859 1331 3926 πίστεώς

249 3957 404 4042 χαλκεῖον
426 3955 576 4043 ἐχώνευσε
598 3954 698 4024 λάλσν
724 3958 780 4019 καὶ
804 3960 932 4044 σιωπᾷν
957 3952 1017 4020 οὑκ
1041 3952 1141 4034 εὶὺὑς,
1172 3954 1255 4021 ἀλλά
1280 3955 1331 4018 καί

254 4063 324 4132 τοῖς
341 4052 443 4126 είὺόσι
461 4055 706 4151 φθεχχόμενον,
726 4057 782 4124 καὶ
797 4053 836 4124 οὑ
855 4053 899 4122 δι’
923 4049 1019 4143 ’όχλον
1039 4051 1222 4142 γινόμενον.
1267 4057 1331 4120 Καὶ
