2888 4776
223 436 275 510 tt
655 457 872 508 uroacesrs.
915 387 919 394 ¹
1202 435 1321 524 [uam.

303 604 426 687 Reliqui
455 591 574 688 quique
599 629 697 670 rerum
720 605 990 692 Theophiiinarum
1016 606 1180 691 scriptores
1201 614 1313 678 Persas

220 711 309 788 iiior,
338 731 357 772 a
379 708 505 774 Graecis
524 710 556 772 in
578 710 840 796 fidem‘reueptos‚
862 733 881 776 a
901 712 1029 794 Turris,
1051 713 1184 816 draiton
1205 719 1310 800 sociis,

222 814 421 896 distinguunt.
479 813 578 895 Vide,
610 814 637 879 si
658 816 732 881 tauti
753 829 817 894 est,
851 815 1013 882 Genesium
1034 818 1057 882 Ι.
1082 841 1110 882 o.
1132 841 1163 902 p.
1185 819 1237 886 68.
1257 823 1310 886 69.

223 921 274 982 ed.
297 923 395 984 Boon.
451 921 533 1004 Ergo
554 919 647 984 stabit
662 920 773 986 codini
794 920 1012 1004 testimonium,
1041 923 1094 1008 qui
1113 925 1314 994 Bardariotas

220 1023 293 1088 dicit
314 1026 462 1086 Persas.

304 1198 407 1262 Verrio
427 1199 466 1261 ad
489 1196 684 1283 posteriorem
703 1195 812 1264 indicis
828 1195 976 1260 Leoniani
995 1209 1128 1282 gentem,
1151 1201 1310 1264 Turcas.

220 1305 288 1368 Hos
309 1326 374 1366 cum
400 1302 559 1381 Cumanis,
589 1300 619 1365 io
643 1299 849 1383 Hungariam,
876 1316 908 1363 ut
928 1301 1053 1384 volunt,
1082 1315 1151 1386 post
1172 1307 1310 1390 Magyn-

218 1429 270 1471 ros
290 1407 418 1490 deiatis,
447 1407 499 1471 vel
529 1429 595 1469 curn
618 1404 779 1494 Magyaris
799 1403 921 1490 quidam
942 1428 1017 1470 unos
1037 1407 1219 1492 eosdemque
1240 1430 1310 1471 essa

220 1511 379 1610 putabunt.

302 1654 400 1718 Missa
426 1675 506 1716 nuno
531 1651 706 1737 quaestione
726 1649 766 1716 de
786 1650 922 1732 ratione,
950 1672 1029 1735 quae
1048 1649 1237 1720 intercedere
1255 1656 1308 1721 ri-
1430 1614 1436 1673 i

218 1759 308 1822 detur
327 1758 407 1821 inter
429 1758 853 1843 Cumunoa‘Mugyorusque,
874 1754 929 1819 toti
951 1755 1062 1818 eumue
1081 1757 1113 1818 iu
1134 1759 1306 1842 explanan·
1431 1816 1436 1845 ,

221 1863 260 1926 da
281 1863 348 1947 ipsa
370 1867 535 1927 Tarentum
556 1884 631 1926 voce
651 1878 681 1926 et
701 1877 808 1944 geute,
838 1881 913 1944 quos
935 1881 1001 1922 oum
1023 1859 1211 1926 Bardariotis
1233 1866 1306 1928 Ma·

218 1966 371 2058 cedouicis
386 1967 488 2051 jungit
508 1966 602 2032 index
621 1965 734 2030 Leonis
754 1964 954 2050 imperatoris.
1002 1969 1041 2028 Et
1062 1965 1158 2052 primo
1180 1968 1303 2054 quidem

218 2069 251 2134 in
272 2072 370 2135 medio
390 2071 536 2136 historiae
556 2069 747 2159 Byzantioae
766 2069 876 2150 stadio,
897 2092 939 2132 sc.
961 2071 1163 2153 Commnino,
1201 2074 1305 2138 Turci

215 2189 286 2238 sunt
307 2175 419 2255 iidem,
447 2175 499 2260 qui
519 2175 678 2256 Hunguri
697 2173 886 2260 (Magyari).
926 2173 1083 2238 cedrenus
1104 2199 1135 2262 p.
1150 2177 1224 2242 596.
1246 2180 1298 2247 ed.

216 2278 315 2343 Paris.
334 2301 366 2365 p.
385 2279 457 2346 467.
478 2281 529 2347 ed.
547 2285 646 2344 Vena
680 2281 763 2358 Τοὺς
788 2275 1059 2364 Turianam...
1084 2280 1299 2368 Oiiyypoac
1435 2364 1439 2389 Ι

123 2397 138 2426 ·'
210 2390 645 2476 xoiorrfee'voogffurcos...
665 2371 789 2468 Ungios
803 2386 933 2464 dimus).
971 2389 1110 2451 Zonaras
1128 2389 1233 2455 annal.
1244 2391 1296 2470 16,

212 2497 283 2560 ‘lit
310 2502 382 2562 Τῶν
403 2499 437 2560 δὲ
466 2490 673 2575 Τοὺρκων,
696 2494 761 2558 raia
783 2487 977 2574 Οὕγγρων
995 2488 1136 2572 δηλαδή.
1178 2493 1296 2578 Loqui-

208 2617 258 2665 tur
271 2617 396 2687 uterque
414 2603 452 2666 de
471 2601 609 2680 foedere,
631 2599 711 2682 quod
733 2602 797 2662 Leo
816 2596 963 2685 Sapiens,
985 2598 1140 2661 Nouellue
1163 2612 1293 2662 nostr-ue

212 2719 341 2784 ortator,
371 2703 619 2792 oum-Magyaris
640 2719 743 2767 contra
769 2703 917 2784 [tuigaros
944 2700 1059 2788 pepigit
1080 2725 1159 2766 anno
1177 2702 1296 2767 Christi
1331 2708 1334 2712 ’

208 2807 296 2889 888,
317 2810 394 2878 uuib
409 2810 610 2873 Thunmanno
623 2808 655 2872 iu
673 2807 750 2870 iibro
768 2807 897 2869 eximio:
924 2807 1206 2888 Unteraucltungeo
1217 2808 1296 2870 iiber

209 2911 262 2972 die
279 2911 460 2977 Geschicirte
479 2913 537 2977 der·
559 2917 629 2978 tert.
650 2935 757 2995 eutrop.
776 2911 814 2972 V
811 2909 909 2974 r'ilker.
938 2911 977 2973 Τ.
995 2909 1017 2974 1.
1040 2933 1071 2996 p.
1087 2909 1158 2974 199.
1202 2911 1292 2974 Adde

209 3016 364 3080 Theodor.
388 3021 501 3081 Gazam
531 3017 569 3082 de
596 3017 711 3102 origine
733 3020 899 3078 Terrarum
918 3011 1048 3094 (Leonis
1070 3011 1181 3078 Aiiatii
1200 3018 1292 3104 Sym·

207 3120 296 3182 mieta
321 3143 352 3204 p.
375 3123 445 3186 123.
467 3121 516 3186 ed.
536 3125 648 3190 vemt.
697 3123 823 3200 Husque
840 3121 955 3182 Tereos
976 3117 1098 3182 eosdem
1119 3143 1206 3196 esse,
1238 3119 1307 3204 qui'

207 3224 317 3287 deirino
326 3226 468 3314 Magyari
477 3225 644 3308 (Megeri
658 3223 736 3308 apud
744 3221 971 3286 cenomanum
981 3222 1289 3309 Porpiyrogeniturn)

208 3327 394 3411 dicebantur,
417 3355 455 3395 ex
477 3329 603 3394 historia
625 3329 714 3410 hujus
734 3324 864 3389 nationis
885 3342 978 3414 patet,
1001 3347 1088 3409 quam
1107 3327 1191 3391 dedit
1207 3331 1291 3394 Gon·

204 3432 352 3516 stantium
368 3431 644 3524 Porphyrogonitus
661 3432 698 3493 de
714 3429 881 3494 administr.
903 3451 969 3514 cap.
981 3431 1129 3508 40.‚jcott.
1140 3431 1193 3496 51.
1225 3437 1289 3497 De·

205 3533 276 3600 inde
297 3536 394 3602 similo
415 3536 730 3624 nomeussurdrinius
752 3534 833 3614 (sia,
860 3555 919 3596 nou
941 3534 1136 3614 Burdom'us)
1159 3542 1289 3604 occurrit

204 3640 236 3702 in
258 3640 385 3708 historia
401 3643 583 3732 Byzantina,
603 3639 793 3721 conjunctum
811 3659 880 3700 oum
899 3636 1019 3700 nomine
1040 3643 1195 3726 Τσῡρκος,
1217 3644 1289 3706 cuii.

200 3746 333 3829 iosepho
354 3745 521 3811 Genusia
541 3743 595 3810 lib.
613 3747 642 3809 l.
655 3745 709 3825 (de
722 3740 847 3826 imperio
863 3743 973 3804 Leonis
990 3745 1190 3825 Amaieoitae)
1209 3772 1240 3835 p.
1251 3752 1279 3812 3,

200 3851 250 3916 ed.
289 3855 388 3916 Veri:
415 3857 592 3944 Βαρὸανίῳ
622 3852 668 3934 roi
693 3847 872 3932 πατρικίῳ,
903 3841 928 3934 ᾦ
961 3837 1107 3936 Τυῧρκος
1135 3857 1275 3935 ἐπίκλην.

200 3953 279 4020 Huic
294 3957 438 4023 Bardauii
459 3957 572 4022 nomini
591 3952 807 4042 addenomina
825 3951 935 4018 similis
949 3956 1015 4019 soni
1032 3959 1172 4042 Borrine,
1188 3963 1280 4024 Bm·-

199 4059 318 4139 stanes,
356 4062 388 4127 in
423 4063 529 4128 eodem
549 4051 705 4126 'historiae
736 4058 927 4146 Byzantinus
955 4060 1055 4128 stadio
1083 4061 1279 4157 frequentin

1435 2404 1441 2595 ,Ξ

1437 2620 1442 2723 i
