2892 4780
489 453 493 463 .
542 495 545 502 Δ
666 421 881 472 arrnsurx.
1221 396 1329 490 [car.

676 883 801 964 CAP.
827 885 880 965 ΙΙ.

463 1067 701 1128 secessurus
722 1069 1097 1128 russamourcansrs.

695 1222 869 1240 m

261 1417 265 1422 .
317 1356 505 1444 Quicumque
521 1356 806 1424 Thessalonicensis
829 1378 895 1424 mea
915 1357 947 1424 iu
967 1355 1215 1424 antecedentibus
1232 1363 1325 1425 evol-

118 1533 122 1544 ,
235 1463 300 1545 sit,
336 1461 426 1548 hujus
452 1461 513 1528 riri
541 1461 648 1528 nomin
677 1463 709 1528 in
738 1462 847 1549 quavis
877 1463 947 1528 sere¹
968 1463 1079 1550 pagina
1110 1461 1323 1550 deprehendit.

235 1572 352 1636 Tantus
380 1566 459 1632 enim
485 1565 661 1654 scriptorum
690 1566 756 1650 ejus
782 1567 927 1632 minorum
956 1590 983 1632 s.
1005 1566 1213 1653 opuscuiurum
1234 1590 1252 1632 a
1273 1591 1324 1634 rue

234 1673 381 1742 editorum
408 1693 482 1734 usus
509 1685 555 1736 est
579 1669 619 1735 ad
640 1671 848 1758 exponendam
869 1671 1023 1737 historiam
1044 1686 1136 1757 atque
1155 1671 1323 1756 antiquita-

232 1790 293 1842 tem
314 1774 637 1856 Thessalonicensem,
665 1774 755 1840 immo
782 1775 872 1844 etiam
894 1775 1113 1864 Byzantium,
1144 1789 1175 1840 ut
1201 1792 1324 1862 praeter

232 1871 308 1947 sets
329 1881 364 1948 S.
384 1878 531 1946 Demetrii
551 1879 596 1945 nil
615 1880 756 1967 equidem
775 1880 963 1963 invenerim,
986 1905 1044 1967 quo
1065 1878 1198 1945 civitatis
1214 1881 1322 1971 incly-

231 1975 281 2052 tae
301 1989 365 2052 iata
384 1985 490 2051 meiius
505 1981 651 2050 illustrari
667 2001 789 2071 queant,
811 2007 900 2071 quam
921 2008 959 2050 es
978 1973 1044 2072 ipss
1064 1983 1230 2050 doctissimi
1249 2008 1319 2051 osu-

230 2086 312 2155 nium
332 2087 569 2154 Thessalonicae
587 2093 759 2176 praesulum
778 2105 980 2158 monumenta.

310 2195 366 2259 Est
386 2215 460 2278 sane
477 2192 655 2258 Eustathius
676 2191 828 2258 homiuum
849 2192 1032 2264 eruditorum
1050 2192 1121 2258 aevi
1138 2191 1319 2260 comnenici

229 2297 384 2385 vergentis
404 2296 543 2384 princepe
561 2311 653 2383 atque
668 2296 894 2382 antesignanus,
915 2298 1032 2384 fuitque
1046 2299 1113 2383 ejus
1126 2297 1208 2385 apud
1225 2321 1318 2364 coae-

229 2426 288 2471 vos
311 2416 395 2468 tants
421 2401 604 2484 auctoritas,
635 2415 684 2482 ut,
713 2401 765 2486 qui
790 2400 879 2466 istam
904 2400 1050 2468 historiae
1075 2414 1192 2489 partem
1223 2403 1315 2470 noris

229 2509 410 2593 quandoque
430 2506 509 2571 curis
528 2519 643 2570 tentare
663 2507 779 2586 volent,
800 2503 946 2592 penitiore
965 2503 1176 2592 disquisitione
1197 2505 1236 2570 ds
1252 2505 1317 2573 viri

230 2611 348 2697 egregii
367 2612 432 2677 vita
451 2609 649 2696 supersedere
668 2631 729 2675 non
749 2633 839 2698 posse
861 2609 937 2678 mini
956 2609 1128 2676 videantur.

310 2719 386 2782 nnn
418 2734 540 2802 operans
567 2713 628 2780 alio
656 2728 809 2800 tempore,
839 2713 867 2780 si
893 2718 960 2780 Deo
987 2711 1153 2800 placuerit,
1188 2712 1315 2780 uberius

228 2819 408 2908 praestabo:
439 2816 537 2882 habeo
564 2818 644 2882 enim
671 2817 883 2899 satis'muits,
914 2817 1023 2903 quibus
1048 2832 1081 2882 nt
1108 2817 1315 2883 fundamentis

228 2922 406 3010 quibusdam
423 2921 467 2987 uti
480 2919 590 3009 poterit
604 2922 753 3006 ejusmodi
768 2920 935 2988 ventilatio.
965 2921 1089 2988 Interim
1103 2921 1135 2987 in
1148 2921 1314 3010 propositis
1433 2937 1434 2978 ἐ

227 3025 338 3107 habeo,
349 3026 401 3092 isti
413 3024 560 3092 volumini
573 3025 685 3092 libellis
698 3025 877 3111 quibusdam
891 3043 1070 3092 coaevorum
1084 3025 1207 3092 ineditis
1221 3048 1314 3113 prae-

226 3128 350 3213 ludere,
370 3129 422 3216 qui
443 3144 602 3216 meatque
621 3130 715 3197 vitam
734 3131 888 3197 Eustathii
906 3143 1059 3220 spectant,
1079 3154 1140 3196 non
1157 3131 1311 3218 ingratum

227 3235 362 3300 facturus
396 3235 456 3304 (sic
483 3237 588 3320 spero)
620 3232 792 3302 homiuibus
824 3235 1025 3317 doctioribus,
1058 3235 1204 3324 imprimis
1232 3257 1311 3302 vero

230 3338 355 3405 Graecis
369 3337 587 3421 Macedonicis,
602 3360 729 3423 quorum
744 3340 873 3426 majores
888 3338 1095 3426 metropolitae
1106 3339 1201 3406 nostri
1216 3360 1309 3427 pree·

228 3441 316 3509 conio
344 3443 469 3530 egregie
485 3441 665 3525 illuminati,
693 3441 819 3530 ejusque
845 3443 958 3511 virtute
984 3467 1046 3510 non
1071 3447 1165 3512 semel
1191 3459 1308 3510 tautum

227 3566 248 3612 a
266 3543 361 3616 variis
382 3571 480 3614 rerum
500 3545 697 3636 incommodis
717 3547 835 3613 deiensi
854 3563 936 3616 sunt.

304 3654 394 3736 Quod
415 3669 448 3718 ut
467 3651 520 3721 ria
538 3667 569 3718 et
587 3651 705 3720 ratione
722 3651 882 3742 procedat,
903 3653 1067 3743 repetenda
1084 3652 1205 3722 videtur
1223 3649 1307 3718 noti·

277 3871 308 3938 *)
338 3867 504 3942 Euatathii,
539 3851 738 3942 metropolitae
787 3869 941 3943 scriptores
957 3873 1113 3928 Panaretus
1133 3875 1163 3925 et
1176 3867 1304 3942 Eugeni-

225 3952 507 4024 'Phessatonicensia‚
518 3959 664 4026 opuscula.
680 3958 738 4010 Ac·
788 3973 851 4014 cns.
884 3957 1016 4014 Francus.
1036 3957 1073 4013 ad
1090 3959 1135 4013 Μ.
1153 3957 1232 4012 1832.

226 4040 331 4096 cedunt
349 4038 581 4111 Trapezuutinae
600 4039 738 4099 historiae
