2874 4776
489 452 801 510 successurus·
833 441 837 448 ’
1108 459 1178 512 xer

104 601 204 674 τοῦτο
232 607 293 670 τοῦ
313 605 387 704 ’μὲν
408 602 526 672 στενοῦ
554 609 613 688 τῆς
637 605 869 694 Προποντίδος
893 599 1121 696 ὑπανεχώρουν
1147 616 1187 682 ul.

105 709 278 798 βάρβαροι
299 711 442 792 (Gothi),
471 708 533 796 τὴν
552 713 588 778 dl
608 715 661 780 sul
681 709 820 795 Κοζινόν
839 711 965 785 ἔπλεον.
997 710 1180 807 Ἀπραντοε

103 820 139 886 di
174 815 390 894 διαπεσόντος
427 821 484 886 sul
518 816 804 907 παραπλεύσαντες
839 817 899 890 τόν
924 815 1179 910 Ἑλλήσποντον,

104 923 184 1014 dirps
206 951 240 994 τε
261 927 319 996 τοῦ
332 922 429 996 Ἄθω
449 931 717 1015 παρενεχθέντες,
737 926 866 996 edusius
886 929 953 996 τόν
972 934 1092 1001 πλοίων
1109 936 1178 1004 λπι-

106 1038 240 1121 μέλετον
257 1032 483 1121 ποιησόμενοι,
504 1031 760 1126 Κασσόνδρειαν
777 1040 833 1103 stul
848 1037 1090 1126 θεοσαλσνὶκην
1104 1051 1180 1112 duo·

105 1138 270 1230 λεόρνοον.
323 1141 489 1230 Mazaeus
516 1145 551 1210 dl
578 1150 646 1221 τοῖς
671 1149 785 1231 seipsos
811 1147 1095 1234 προσαγαγόντες,
1124 1157 1181 1221 καλ

107 1247 199 1337 παρὰ
222 1246 328 1336 βραχὺ
349 1252 409 1318 τοῦ
430 1249 553 1329 ταύτας
574 1252 654 1319 ἑλεῖν
672 1250 842 1354 ἐλθόντες,
877 1244 987 1335 ἐπειδὴ
1008 1253 1066 1324 τόν
1083 1261 1182 1344 βασι·

108 1361 167 1425 λέα
194 1354 373 1446 προσάγειν
402 1357 583 1442 ἐπύθοντο,
623 1356 667 1438 εἰς
693 1357 755 1446 τήν
778 1355 953 1445 μεσόγειαν
978 1359 1200 1450 ἀναβάντες,

108 1466 153 1533 τό
179 1471 248 1553 περὶ
270 1469 420 1553 Αοβῆρον
445 1471 499 1535 καὶ
520 1471 730 1554 Πελαγονὶαν
752 1469 914 1553 ἐληΐζοντο
937 1469 1048 1540 πάντα
1066 1480 1181 1562 χωρία.

106 1578 276 1672 lmperetor
295 1573 353 1638 boc
371 1575 438 1640 loco
456 1589 636 1641 memoratus
655 1588 702 1641 est
722 1575 868 1640 Claudius
885 1579 940 1659 tu,
961 1580 1024 1664 qui,
1052 1596 1086 1646 ut
1100 1585 1181 1647 Oro·

111 1678 150 1743 sii
171 1678 244 1746 bist.
265 1682 303 1761 7,
321 1681 373 1746 23.
400 1678 503 1745 verbis
525 1694 608 1763 utar,
629 1702 687 1744 non
708 1679 858 1746 biennium
878 1679 909 1746 in
928 1682 1053 1770 imperio
1074 1685 1182 1772 exple·

110 1783 165 1850 vit·
173 1783 219 1864 (9.
234 1785 303 1849 Gal.
319 1791 391 1870 Apr.
408 1783 609 1864 suu-27⁰).
640 1786 671 1848 ls
691 1807 763 1852 vero
783 1784 912 1868 Gothos,
929 1787 995 1872 jam
1013 1811 1068 1876 per
1086 1811 1182 1855 annos

113 1890 183 1954 XV
202 1888 357 1978 illyricum
377 1886 646 1974 Macedoniamque
666 1901 820 1954 vastantes
841 1893 952 1971 (Oros.
975 1894 999 1956 l.
1017 1897 1080 1975 u),
1101 1893 1182 1962 bello

110 1994 259 2074 tedortns,
279 1991 450 2059 incredibili
464 2005 564 2077 strage
577 1991 702 2072 delevit,
717 1991 789 2056 coll.
801 1994 910 2061 Orosio
924 2009 955 2061 et
965 1998 1088 2063 Zosimu
1104 1999 1124 2062 l.
1137 2021 1182 2079 c.;

82 2177 86 2184 Ι
112 2098 164 2183 qui
189 2098 338 2184 posterior
362 2096 489 2184 scriptor
512 2094 728 2182 quinquaginta
753 2095 848 2161 millia
875 2096 1068 2166 barbarorum
1093 2101 1125 2167 in
1145 2124 1183 2169 eo

111 2202 229 2290 proelio
251 2224 340 2267 caesa
359 2216 471 2267 narret.
502 2201 594 2266 Adde
613 2205 763 2264 Zenonem
782 2201 1012 2294 annsl.12,2d.
1041 2181 1182 2273 celerum

111 2308 220 2374 classis
241 2329 342 2372 eorum
361 2306 517 2390 (Zosimru
536 2303 558 2369 l.
576 2326 603 2370 c.
625 2303 696 2368 dicit
715 2317 825 2390 μοῖρα,
843 2331 921 2392 pars
939 2315 1060 2389 ιονννπ)
1082 2310 1205 2373 Thess

111 2413 219 2479 solium
239 2425 270 2476 et
290 2410 445 2476 Graeciam
466 2423 688 2498 praetervecta,
709 2423 864 2497 terrasque
883 2425 1002 2497 sperus
1022 2410 1183 2498 populata,

112 2518 248 2584 Athenas
270 2515 347 2604 cepit
362 2517 491 2600 (Zoner.
511 2513 534 2579 l.
554 2535 581 2580 u.
603 2515 653 2594 12,
672 2515 754 2594 26.).
795 2519 825 2580 Α
844 2513 1080 2582 Thessalonicae
1100 2515 1184 2580 obsi-

112 2622 204 2686 dione
222 2623 360 2705 repulsos
379 2617 452 2683 dicit
471 2621 607 2683 Zonaras
628 2618 652 2685 Ι.
668 2641 696 2684 c.
722 2622 778 2702 12,
798 2621 850 2686 26.
871 2615 961 2704 (ἀλλ’
984 2623 1103 2704 ἐκείνης
1123 2629 1185 2707 μὲν

110 2736 169 2815 τῆς
190 2727 309 2802 πόλεως
329 2719 640 2821 όπεκροόσθιγσαν).
662 2725 748 2788 Fecit
763 2725 821 2788 boc
835 2723 979 2820 imprimis
992 2726 1113 2791 (lleudii
1124 2727 1184 2792 im·

113 2831 262 2922 peratoris
287 2832 436 2896 adventus
462 2851 553 2916 supra
579 2841 728 2895 narratus.
768 2830 921 2893 Postremo
942 2851 998 2892 nec
1017 2823 1075 2896 buu
1094 2853 1185 2917 pras*

113 2931 344 3018 ermittendunr',
380 2949 535 3027 utramque
563 2931 747 3012 civitatem„
768 2930 1018 3000 Thessalonicam
1049 2936 1184 3004 Geman-

111 3041 280 3126 driamque,
302 3043 312 3101 ll
330 3053 467 3105 mouente
483 3036 598 3104 Zosimi
618 3046 772 3117 contextu,
793 3058 851 3100 non
872 3035 912 3100 eb
931 3036 1044 3120 ingenti
1066 3041 1239 3112 Gotho-30

112 3171 178 3213 rum
198 3147 252 3212 illo
273 3145 424 3226 exercitu,
446 3143 497 3228 qui
516 3165 533 3206 e
552 3140 670 3206 Moesia
691 3139 891 3224 adventabat,
915 3157 1115 3228 oppugnatam
1138 3144 1187 3210 vi·

112 3251 178 3318 deri
199 3248 343 3332 (sienim
365 3249 419 3314 vix
441 3247 654 3327 restitissent),
676 3244 729 3310 sed
750 3266 770 3309 u
789 3247 862 3312 solis
884 3269 985 3314 eorum
1007 3247 1187 3331 classiariisp
1305 3293 1307 3300 ·

110 3379 186 3442 quos
207 3356 308 3424 audito
328 3360 530 3424 Romanorum
557 3353 688 3418 adventu
715 3348 845 3435 aliquem
879 3373 999 3416 suorum
1020 3353 1189 3439 partemin

113 3460 297 3549 superiorem
312 3459 531 3538 Macedoniam,
552 3456 605 3521 ubi
625 3469 781 3520 terrestres
800 3455 988 3542 popularium
1007 3456 1112 3544 copiae
1130 3481 1189 3523 ex·

112 3566 343 3654 spectabuntur,
365 3561 483 3628 misisse
502 3559 655 3626 existimo.
1195 3585 1197 3592 1

196 3745 346 3826 Tempore
369 3738 507 3804 interl).
528 3737 654 3802 Paulum
681 3738 765 3802 ets.
787 3735 972 3801 Demetrium
991 3732 1186 3815 intermedio,

112 3847 135 3916 i.
152 3873 180 3915 e.
204 3846 314 3912 seculis
335 3858 469 3929 quartum
486 3841 601 3922 Christi
621 3838 877 3920 antecedentibus,
899 3837 950 3926 qui
970 3854 1065 3904 status
1083 3859 1187 3903 suero·

114 3975 179 4017 rum
206 3965 372 4015 nostrorum
398 3949 478 4037 apud
501 3947 685 4028 Mocedonas
713 3945 823 4026 luerit,
857 3945 1012 4013 doctorum
1038 3942 1187 4008 neminem

113 4055 191 4123 seire
210 4069 302 4145 putu3
331 4053 421 4120 immo
441 4075 496 4121 nee
515 4053 682 4140 quaesitum
702 4049 804 4122 video·
853 4045 993 4133 bliblque
1015 4045 1095 4136 ipsi,
1108 4049 1110 4053 ’
1123 4069 1209 4114 non.
