2890 4774
181 522 185 530 ·
289 471 365 545 374
712 499 970 578 ειύεινυιιι.ι
1133 529 1139 536 -
1268 477 1404 568 [σιυ.“

283 642 475 726 ωἰτίλιστος.
520 647 603 714 om
624 644 691 739 γοίρ
711 646 961 733 διεσπουδάζετό
982 653 1014 717 οἱ
1035 648 1160 721 τούτων
1182 649 1240 738 τήν
1261 652 1360 746 ίηεσιν

291 756 485 842 σίποιιλήσαι
501 755 607 842 μόνον
623 771 691 836 τοῖς
707 758 862 846 μύσταις,
885 755 971 826 όλλεί
992 781 1029 846 γε
1045 765 1101 829 καί
1117 759 1160 832 τό
1176 764 1360 852 τῶνιμύθυν

291 862 582 956 παραπετόσματα
609 867 770 955 διασχεῖν,
803 873 858 935 κοιλ
884 871 1001 937 δοῦναι
1029 872 1104 938 εἴσω
1129 874 1290 960 χωρῆσαι,
1318 875 1363 940 καί

290 998 325 1041 τι
342 974 407 1041 τῶν
425 975 558 1050 πολλοῖς
577 972 759 1066 ἀνεφίκτου
779 978 976 1046 ἐποπτεῦσαι
997 983 1126 1065 θέαμα.
1165 979 1274 1050 Πόσοι
1292 1006 1360 1068 προ-

224 1144 228 1148 .
292 1078 420 1160 σιόντις
438 1077 550 1165 νήπιοι
571 1082 762 1150 ἐλάνθανον
782 1084 858 1152 ἀντί
878 1082 1045 1172 γιίλοικτος
1064 1065 1289 1180 στερῥοτίραις
1306 1117 1361 1177 μα·

291 1192 460 1276 δημότων
484 1199 628 1285 τροφαῖς
657 1189 927 1280 ίξανδρούμενοι,
963 1199 1018 1262 καί
1044 1201 1301 1284 γεγυμνασμένοι
1328 1189 1362 1264 τό

292 1298 500 1392 αἰσθητήρια
536 1302 597 1369 τοῦ
628 1297 707 1380 νοῦς
741 1299 973 1387 ἐπανήκοντες·
1018 1307 1074 1372 καί
1090 1311 1187 1394 ,χθές
1217 1313 1276 1392 μὲν
1293 1309 1361 1381 ’ταῖς

291 1407 455 1500 γλώσσαις
482 1406 760 1502 ύποψελλίζοντες,
790 1410 947 1514 ἔντρανον
961 1415 1006 1479 ’δὲ
1027 1417 1081 1479 καὶ
1102 1413 1203 1501 τορὸν
1227 1407 1363 1508 φθεγγό-

290 1519 385 1608 μενοι
411 1516 563 1608 σήμερον.
603 1521 695 1585 Είπω
726 1517 763 1584 τὸ
786 1516 991 1604 καινότερον·
1026 1517 1125 1590 πόσοι
1149 1525 1243 1612 μέχρι
1261 1519 1362 1589 τούτου

292 1631 527 1716 γραμματικήν
553 1622 764 1713 ἠκριβῶσθαι
792 1634 952 1696 τοσοῦτον
973 1624 1092 1713 ᾤοντο,
1123 1627 1166 1710 ῶς
1187 1633 1364 1717 ἐπαγγέλλι·

294 1743 384 1806 σθαι
412 1739 467 1803 καί
489 1731 601 1814 ἄλλοις
620 1739 852 1820 καθηγεῖσθαι
874 1739 929 1818 τής
951 1743 1076 1824 τέχνης,
1108 1741 1167 1817 ἕως
1189 1743 1296 1826 ἐκείνῳ
1315 1764 1363 1806 κο·
1394 1813 1396 1818 ,

291 1841 365 1915 νόνι
390 1847 445 1912 καί
470 1847 548 1912 ποτὶ
567 1841 738 1928 Σπάρταν
762 1847 848 1934 ᾳασί
873 1847 976 1912 λίθον
999 1851 1206 1933 παραθεῖναι
1228 1846 1271 1914 τοί
1289 1837 1359 1914 καθ’

293 1951 430 2033 ἑαυτούς
453 1952 612 2038 ἔγνωσαν.
653 1947 763 2021 Πόσοι
786 1957 883 2041 ’μέχρι
909 1947 1029 2020 τούτου
1054 1955 1243 2044 ῥητορικοῖς
1264 1953 1363 2044 χόριον

291 2059 389 2131 θύειν
411 2058 567 2148 ἐνόμιζον,
588 2065 647 2141 ἕως
666 2065 729 2128 τῶν
752 2061 947 2128 Εύσταδίου
965 2061 1138 2148 Σειρήνων
1155 2063 1362 2155 ήκροοίσαντο.

203 2190 209 2211 ·
290 2168 402 2240 Πόσοι
430 2171 635 2262 φιλοσοφίαν
662 2174 757 2259 μέχρι
782 2173 900 2239 τούτου
927 2167 1115 2258 πρεσβεύειν
1136 2171 1287 2252 ἐδόκουν,
1317 2179 1362 2246 ἕως

292 2281 403 2366 ἐκείνῳ
423 2286 588 2368 τεχνοῦντι
611 2287 727 2366 τέχνας
744 2281 798 2346 καί
813 2275 925 2357 πόσας
944 2281 1128 2368 ἐπιστήμας
1145 2281 1362 2371 λπιστημοῦντι

292 2392 494 2476 παρέβαλον.
534 2385 580 2456 Τό
598 2383 629 2454 δ’
651 2392 805 2456 ἐντεῦθεν
822 2384 955 2471 γνόντες
974 2387 1122 2468 ἑαυτούς,
1142 2385 1273 2460 κῶκεῖνο
1292 2389 1363 2474 πρῶ·

293 2521 353 2564 τον
377 2499 484 2575 καλῶς
508 2493 720 2590 σοφιζόμενοι
743 2494 781 2562 τό
802 2499 875 2583 περὶ
895 2502 1033 2574 ἑαυτῶν,
1063 2491 1105 2575 ῶς
1126 2496 1222 2566 οὐδὲν
1241 2492 1363 2569 εἰδότων,

294 2603 415 2674 εἰδέναι
435 2614 567 2698 σαφῶς,
600 2604 637 2673 τδ
660 2595 744 2672 εἶναι
763 2605 824 2672 τοῦ
844 2605 978 2672 οἴεσθαι
999 2604 1037 2671 τό
1059 2600 1175 2674 λοιπόν
1197 2599 1363 2688 ῶντηλλότ-

297 2741 404 2784 τουτο.
448 2711 558 2810 Ταύτῃ
578 2739 630 2782 τοι
652 2718 706 2781 ’καί
728 2700 945 2807 δτρεφόμενοι
963 2717 1020 2780 καλ
1041 2713 1084 2792 ῶς
1104 2715 1218 2794 παῖδες
1238 2713 1364 2801 οίρτιμο·

293 2829 370 2903 δεῖς
385 2809 562 2912 γινόμενοι,
584 2818 737 2910 ἠγάπων,
750 2819 789 2904 Ιεἰ
802 2823 861 2890 νῦν
876 2828 958 2907 γοῦν
974 2819 1153 2918 οίργόμενοι
1169 2823 1250 2913 παρ’
1270 2822 1362 2909 ἐκείνη

292 2929 567 3020 μεταδιδάσκοντι
590 2924 862 3015 μαθητεύοιντο,
895 2933 950 2997 καί
976 2933 1103 3018 γηρρῦεν
1132 2932 1363 3019 μανθάνοντες.

237 3055 243 3064 '
284 3035 364 3111 “On
381 3046 437 3110 καί
455 3039 532 3119 τοῦς
548 3035 598 3107 ἀεὶ
614 3043 891 3129 προσμοιτῶντας
907 3042 961 3104 καί
979 3034 1236 3133 οίποφοιτῶντας
1252 3037 1362 3126 θεῶμι·

293 3176 367 3230 νος,
395 3152 454 3237 τῆς
475 3146 651 3236 Ὁμηρικῆς
672 3141 959 3232 ἀνεμιμνησκόμην
987 3145 1119 3228 εἰκόνος.
1138 3144 1217 3226 ,Ὡς
1236 3149 1300 3235 γὰρ
1317 3146 1362 3212 πί·

293 3284 373 3344 τρης
393 3260 427 3326 ἐκ
444 3257 614 3348 γλαφυρῆς
632 3255 721 3336 ἔθνη
737 3254 900 3338 μελισσῶν
918 3255 1047 3336 ἔξεισιν,
1068 3249 1153 3324 οίίτω
1170 3262 1227 3325 καὶ
1246 3259 1292 3349 τῷ
1310 3251 1363 3321 Εύ·

244 3411 246 3416 -
295 3367 442 3434 σταδίου
467 3365 640 3452 μελισσῶνι
666 3369 890 3445 προσίσταντο
917 3366 971 3430 καὶ
1000 3363 1189 3456 οίεγίπταντο
1217 3361 1364 3453 βοτρυδὸν

293 3479 455 3564 ὁσημέραι
474 3463 658 3566 φιλολόγων
680 3467 788 3559 σμήνη
809 3473 925 3558 μυρία,
946 3476 1002 3539 καί
1026 3474 1157 3550 εἴτινες
1176 3471 1282 3553 όίλλως
1300 3468 1363 3556 ιίρι·

283 3587 352 3678 ,τῆς
376 3611 407 3652 τι
427 3584 670 3668 μετεποιοῦντο,
692 3583 745 3645 καί
763 3585 987 3668 ῥυιῦμίσοντος
1005 3587 1230 3667 προσεδέοντο.
1264 3579 1362 3666 Νόμθε

292 3691 358 3781 γὰρ
375 3679 417 3778 ἦν
434 3691 582 3784 ἕνιμνγος
597 3689 725 3785 οίρετῆς,
744 3690 799 3754 καί
814 3693 953 3776 μεγίστη
974 3689 1058 3774 πρὸς
1074 3687 1193 3777 οίρετήν
1207 3685 1362 3777 πορόκλη·

293 3825 361 3880 σις,
384 3794 422 3867 οὐ
442 3795 547 3885 μόνον
566 3793 809 3890 φθεγγόμενος,
831 3793 915 3864 όλλσί
936 3803 990 3865 καί
1011 3794 1115 3883 μόνον
1126 3797 1338 3886 βλεπόμενος.

372 3905 405 3971 8.
435 3904 482 3974 Ὢ
504 3904 680 3992 προσώπου
700 3910 835 3987 σεμνοῦ·
862 3903 888 3971 ῶί
908 3904 1109 3992 εὐσχήμονος
1130 3905 1295 3993 σχήματος
1314 3900 1361 3968 καί

290 4017 485 4101 Περικλέους
505 4016 560 4082 καί
581 4004 802 4102 Ξενοκράτους
824 4010 1085 4104 αι’δεσιμῶτερον,
1105 4011 1196 4106 μόνῳ
1221 4017 1270 4105 τῷ
1280 4008 1361 4100 γαί·

290 4125 413 4186 νεσθαι
433 4125 691 4214 σωρρονίζοντος
709 4123 786 4205 τοὺς
805 4120 966 4210 ῦρῶνιιις,
988 4125 1072 4214 πρδς
1089 4124 1149 4214 τήν
1168 4121 1249 4220 ὄψιν
1269 4137 1359 4208 μετα·
