2892 4780
130 425 271 518 aurun]
604 439 726 502 atau-
1135 417 1213 524 ²39

211 599 271 668 flia
285 585 422 673 'ardedat
445 599 577 666 seranda
598 601 688 688 ratio.
728 603 822 666 'Peste
839 586 996 670 Herodoto
1016 605 1049 690 5,
1069 609 1120 678 16.
1140 589 1215 680 lrar·¹

130 705 214 788 bari,
246 689 371 791 quornm
397 717 461 769 erat
481 705 622 786 Pna'sias,
649 705 749 770 laeum
770 705 874 793 'ipsum
901 706 944 774 ita
963 709 1150 800 incolebant,
1180 732 1228 785 nt'
1258 703 1259 706 Ἴ

131 812 279 878 haberent
306 811 413 875 domna
435 808 512 896 palis
533 820 928 897 superstrnntas‘aquaeque
947 814 1132 902 impositas.'
1153 821 1216 890 Ubi

130 916 238 1002 quaeri
265 935 355 1001 posse
381 913 519 996 ridetur,
550 936 707 1008 aqoamne·
724 927 786 980 toto
812 919 884 982 anni
911 920 1008 1006 spatio
1034 923 1114 990 infra
1140 949 1214 994 ruas

122 1005 224 1112 'setes
244 1019 291 1086 illi
310 1019 446 1084 homines
467 1019 637 1101 habuerint,
659 1041 717 1084 neo
733 1021 798 1087 ne?
829 1025 897 1108 ligo
916 1023 1065 1108 posterius
1084 1026 1129 1094 ita
1147 1046 1216 1096 sta-

130 1139 203 1205 tuo,
234 1138 266 1188 nt
286 1123 353 1188 loeo
372 1121 500 1209 palustri
521 1122 641 1208 quidem
661 1123 851 1211 irriguoque,
878 1149 936 1192 nee
954 1141 1053 1195 tanen
1073 1154 1128 1217 per
1147 1158 1216 1200 om-

130 1251 201 1320 nem
218 1250 328 1294 annum
342 1228 432 1293 undis
450 1241 565 1316 operto,
585 1251 672 1295 nasas
688 1247 760 1295 suas
775 1230 982 1316 imposuerint.
1021 1233 1073 1298 sic
1089 1236 1215 1322 sartum,

131 1349 166 1402 ut
184 1357 241 1422 per
255 1334 383 1412 hiemem
399 1355 496 1418 aquae
513 1333 573 1420 ipsi
590 1333 805 1415 inhabitarent,
825 1347 941 1402 aestate
956 1359 1017 1401 nnn
1034 1336 1116 1406 item.
1150 1345 1217 1408 tta·

129 1439 200 1504 dem
219 1437 311 1504 aeder
327 1437 502 1504 exstruendi
521 1437 598 1504 ratio
617 1439 668 1502 nal
688 1436 779 1503 lrodie
797 1438 946 1524 reperitur
963 1441 1043 1529 apud
1061 1444 1215 1514 Gusaecos

130 1541 284 1624 Dominus,
315 1565 441 1627 qnorum
467 1541 645 1629 metropolin
668 1542 864 1608 recantant
889 1542 994 1608 endem
1013 1546 1103 1631 plane
1124 1550 1214 1618 modo

130 1645 321 1713 aedificatam
346 1649 481 1710 referunt
501 1645 620 1726 (Habet
638 1667 689 1733 ap.
710 1644 820 1711 Glark.
839 1645 975 1715 itinerar.
994 1651 1071 1718 Vol.
1091 1657 1118 1717 1.
1138 1675 1214 1740 pag.

128 1751 192 1817 296
206 1773 254 1836 aq.
274 1749 377 1836 ibique
392 1749 455 1816 toln.
477 1750 541 1816 aeri
560 1750 682 1830 innisa).
725 1749 801 1832 llius
820 1751 900 1817 enim
921 1753 1053 1820 eivitatis
1072 1757 1215 1826 aedilicia

127 1853 211 1944 palis
236 1841 438 1942 superstructi
465 1868 552 1935 sunt,
580 1855 620 1920 ad
640 1854 813 1920 evitandam
832 1856 921 1922 durii
941 1860 1054 1926 Tanais
1074 1863 1216 1928 exunda-

128 1961 240 2042 tiones,
262 1960 313 2045 qui
333 1975 394 2024 tum
412 1959 497 2024 larus
517 1960 648 2047 speeiem
667 1959 771 2027 refert.
811 1962 927 2027 Eadem
942 1964 1045 2051 plane,
1065 1988 1132 2030 oum
1147 1971 1216 2032 He·

129 2064 237 2132 rodntn
257 2063 381 2128 mirifice
398 2064 617 2149 conspirantia,
645 2064 684 2128 de
704 2063 842 2130 barbaris
859 2066 1038 2149 quibusdam
1055 2071 1216 2138 Amerinus

130 2169 356 2251 meridionalis,
397 2169 522 2234 Orinnni
553 2166 642 2233 duvii
673 2167 805 2250 accolis,
841 2185 1011 2240 narrantur.
1062 2174 1217 2242 Videatur

130 2275 311 2342 Alexander
340 2275 380 2338 de
405 2259 573 2338 Humlrolrlt
600 2273 631 2337 in
652 2273 777 2338 libello:
809 2275 989 2339 Ansielrten
1009 2274 1065 2340 der
1084 2278 1216 2358 Notus,

130 2380 190 2444 urit
208 2377 526 2465 amaranchfllialren
542 2377 812 2460 Erliiuterungen.
832 2381 944 2463 Stuttg.
962 2390 992 2443 et
1009 2379 1089 2445 Tub.
1107 2380 1156 2445 ed.
1171 2385 1218 2449 Π.

132 2483 226 2549 1826.
248 2487 287 2548 Τ.
301 2487 327 2549 1.
351 2507 383 2570 p.
397 2483 470 2548 aa:
503 2481 550 2546 W
546 2483 591 2546 eit
608 2483 749 2546 baillum
769 2482 843 2547 sind
862 2483 914 2548 die
936 2485 972 2546 V
970 2485 1104 2549 maleile
1118 2485 1217 2552 diem

131 2589 358 2672 montaragon
377 2586 624 2652 namnam
643 2585 818 2669 (nasone,
837 2587 1003 2671 munos,
1024 2588 1095 2654 nu.
1116 2573 1220 2664 nun:

149 2741 392 2782 ,p—-⁰—=—-

132 2873 211 2932 serle
227 2876 349 2946 quadam
367 2875 429 2932 sera
444 2869 576 2930 confinna
587 2887 666 2942 maq
698 2866 751 2926 nbi
767 2888 822 2946 ago
839 2874 954 2930 metalla
970 2872 1151 2945 Mygdoniae
1166 2889 1217 2928 oc·

133 2947 265 3016 tallornm
289 2960 462 3017 nobiliorum
488 2958 563 3013 inter
582 2956 651 3013 Phi·
700 2955 861 3029 sisennus,
882 2975 972 3029 prope
990 2961 1083 3013 lacum
1103 2961 1217 3030 Longa·
1248 2965 1250 2972 ⁴

133 3045 231 3117 lippos
267 3045 430 3116 Axinnnqne
472 3042 649 3098 inferiorem.
699 3059 767 3113 zae,
808 3041 956 3122 invenisse
994 3041 1067 3098 mihi
1104 3041 1217 3100 videor.

135 3129 323 3188 (irenidarnrn
350 3129 581 3202 (Philipporum,
618 3135 651 3184 ut
698 3128 771 3182 Auri
792 3129 861 3186 vero
884 3130 1057 3202 particulae,
1086 3133 1121 3186 ab
1139 3129 1217 3202 agri·

132 3218 247 3280 volunt)
276 3217 389 3271 metalla
413 3233 429 3270 e
454 3214 650 3286 septentrione
699 3213 771 3270 eolis
788 3215 951 3271 Paeonibus
969 3223 1078 3286 eruntne,
1099 3233 1155 3288 non
1172 3217 1218 3272 di·

133 3309 220 3373 atque
239 3301 349 3356 oriente
365 3300 450 3369 hunius
465 3298 546 3355 urbis
562 3315 650 3370 qnae·
698 3315 800 3355 versae
821 3307 904 3355 errant
927 3303 964 3356 ab
984 3300 1046 3356 auri
1066 3302 1216 3372 ramentis,

133 3389 224 3444 nenda
240 3402 306 3442 esse
321 3393 403 3458 puto,
421 3389 584 3459 Pangaeum
599 3399 650 3441 re·
700 3401 774 3456 qnae
791 3387 959 3442 Echedorns
985 3386 1138 3454 (Gallicus)
1160 3387 1217 3441 fln-

133 3491 168 3529 ro
185 3482 312 3528 montem
330 3471 450 3542 eiusque
469 3474 593 3541 metalla,
614 3473 650 3526 ab
698 3471 783 3543 rins,
811 3470 1038 3528 Thessalonicae
1054 3472 1215 3544 proximus,
1254 3499 1256 3503 v

134 3557 374 3616 antecedentibns
408 3556 539 3626 diversa,
575 3556 651 3611 inter
699 3560 805 3612 vehere
819 3556 933 3622 dicitnr,
950 3556 1218 3629 colllttymolngiei

134 3642 285 3716 Philippos
318 3649 347 3697 et
382 3644 475 3696 lacurn
502 3639 653 3698 cercinern'
700 3627 797 3715 rdagni
811 3645 875 3698 loco
886 3641 959 3696 infra
974 3641 1100 3711 citando,
1111 3651 1141 3698 et
1152 3641 1219 3714 qni·

134 3747 202 3788 cnm
219 3733 372 3802 Strymone
395 3724 541 3783 irrferiore.
587 3723 651 3784 Alia
701 3731 768 3782 dem
782 3725 811 3781 in
823 3725 890 3781 Axii
903 3725 1096 3797 expositione,
1116 3729 1166 3783 ubi
1180 3730 1218 3785 ‹la

133 3817 252 3872 memlla
267 3808 414 3888 Strymonii
430 3810 560 3866 interiori
572 3807 654 3869 idem'
700 3815 850 3868 Echedoro
865 3827 958 3883 agam.
981 3809 1053 3865 Arrri
1069 3817 1217 3870 metallum

133 3903 218 3958 locus
236 3897 371 3971 applicat,
389 3903 447 3952 tam
465 3912 481 3951 a
496 3903 576 3967 parte
588 3898 651 3965 sina
700 3915 792 3971 prope
815 3887 977 3953 Bendinarn
998 3895 1091 3968 attigit
1110 3903 1215 3958 Parrlns

131 3985 287 4056 rodentali,
317 3999 402 4054 mnam
429 3997 446 4036 a
469 3988 549 4053 parte
574 3982 651 4038 ocei-
700 3989 793 4040 Lucas
819 3981 850 4036 in
873 3985 1003 4054 voyage.
1033 3981 1216 4044 Amsterdam

135 4069 255 4133 dentati,
290 4065 435 4124 Posterior
454 4083 523 4138 pars
540 4083 574 4124 en
594 4075 650 4141 est,
699 4073 778 4128 1720.
798 4069 862 4126 vol.
880 4070 903 4126 t.
918 4083 948 4137 p.
959 4065 1004 4122 tt·
