2888 4776
245 417 322 508 12⁶
580 397 709 508 anoni
735 427 971 532 ehenntomi
1218 415 1325 528 [ean.

247 607 281 674 in
309 605 495 672 deveniente
522 625 578 671 rua
606 605 812 692 asportahant.
863 605 955 689 Quod
981 618 1044 672 non
1067 598 1247 690 nirahitnr,
1278 608 1332 694 qni

248 715 282 777 S.
300 711 484 776 Demetrium
509 731 528 777 a
548 707 686 776 harharir
706 733 825 798 qnoque
843 735 903 778 non
923 707 1114 792 christiam,
1144 734 1174 777 e.
1192 735 1225 798 g.
1249 715 1331 779 Τιιι-

250 816 312 898 cir,
344 815 425 881 onitu
445 815 574 900 quoda·
595 830 686 900 atque
705 815 821 881 honore
841 831 977 885 ornatum
996 813 1141 897 sciverit,
1169 817 1251 903 qood
1271 841 1332 884 non

251 919 390 987 ohrcrrrir
409 918 514 986 verbio
533 933 659 986 testatur
679 919 856 1002 Euatathine
878 923 1010 1010 Dpnaec.
1030 941 1103 1006 pag.
1120 920 1202 1003 167,
1222 923 1268 988 25
1282 945 1333 1009 tq.

251 1022 712 1110 173‚·⁵t-96.174,1-62
758 1027 873 1110 Datque
896 1027 1026 1092 Sanctae
1056 1025 1138 1110 apnd
1165 1025 1332 1092 hodiernos

254 1138 374 1218 quoqne
390 1133 507 1194 Terreat
526 1127 558 1193 in
579 1150 688 1213 magna
708 1127 919 1211 veneratione,
941 1129 1014 1194 coll.
1031 1129 1175 1196 Cornelio
1191 1133 1280 1220 Byeo
1299 1130 1335 1196 in

126 1303 131 1314 ,
251 1259 357 1326 praev.
377 1245 535 1300 comment.
557 1233 597 1297 ad
618 1233 694 1299 ΛΑ.
716 1235 772 1299 SS.
793 1233 817 1300 Ι.
837 1256 865 1301 o.
885 1257 917 1321 p.
937 1234 990 1302 87.
1011 1255 1077 1322 cap.
1098 1231 1174 1303 14⁶.
1219 1235 1332 1300 Dlerrnr

251 1343 310 1408 hoc
336 1339 495 1406 mirificam
524 1360 567 1420 „e
594 1359 718 1424 corpore
743 1335 849 1402 Sancti
872 1356 1016 1421 manare,
1048 1361 1216 1427 eorpoaque
1243 1339 1275 1404 ei
1299 1353 1334 1407 nt

251 1447 378 1512 nririhco
399 1444 535 1508 hairamo
551 1443 720 1534 innatrrre“¹
733 1441 806 1508 dicit
821 1444 973 1531 Jotephnr
988 1446 1026 1510 de
1040 1449 1185 1512 Hammer
1199 1443 1333 1528 (Hiator.

250 1554 379 1616 Damon.
401 1552 483 1613 Peet.
502 1547 594 1613 1827.
615 1550 655 1612 Τ.
672 1549 696 1612 1.
713 1568 745 1633 p.
761 1544 836 1613 434.
850 1547 958 1630 tta„
980 1550 1061 1634 quod
1077 1551 1159 1615 nnde
1177 1573 1334 1638 compere·
1423 1596 1424 1599 =

250 1654 294 1722 iit
312 1655 362 1719 vir
381 1650 604 1730 celeberrimus,
625 1673 685 1734 ego
703 1673 763 1716 non
782 1651 898 1718 inveni.
939 1655 1064 1720 Praeter
1077 1657 1156 1722 Aeta
1176 1655 1256 1721 enim
1272 1654 1337 1743 pri·

252 1759 339 1838 darn,
370 1781 398 1823 e.
418 1779 450 1842 g.
475 1779 530 1843 per
548 1756 721 1822 Cornelium
737 1759 874 1845 Byerrra,
895 1755 994 1840 edita,
1015 1780 1052 1824 ea
1067 1757 1233 1847 imprimit,
1255 1783 1333 1846 quae

254 1885 312 1946 ego
328 1862 442 1950 primur
458 1859 603 1944 evulgavi
618 1861 788 1941 (Eortathii
802 1863 934 1947 Dpuace.
950 1883 980 1950 p.
995 1863 1206 1948 lto-182),
1228 1865 1268 1932 de
1282 1888 1334 1932 ar·

250 1968 348 2033 ‘tiiicio
372 1966 570 2050 machinaque
594 1965 684 2050 hojua
707 1966 844 2031 uiraorrii
865 1965 972 2047 silent3
998 1991 1097 2053 neqne
1114 1969 1239 2036 maltum
1256 1971 1333 2037 lneit

252 2069 437 2138 ministrabit
455 2069 611 2156 inscriptio
633 2070 749 2136 rarcuii
769 2070 905 2156 argentei
924 2094 1035 2158 graeca
1054 2073 1151 2144 cte.
1163 2075 1250 2156 Maio
1267 2075 1334 2142 edi·

254 2193 286 2242 te
303 2177 505 2262 (Scriptorum
528 2190 604 2242 vett.
622 2197 703 2241 nora
717 2175 845 2240 collect.
863 2175 940 2243 Vol.
951 2177 979 2242 3.
999 2180 1083 2244 Seet.
1095 2179 1120 2244 1.
1137 2201 1210 2267 pag.
1224 2179 1333 2264 140.)·

252 2273 388 2357 Αὕιη’
376 2304 394 2358 η
411 2273 562 2398 στάμνος
583 2301 605 2363 q
612 2282 674 2362 έρει
692 2277 797 2362 μῦρον
813 2267 910 2358 ἅμον
927 2275 964 2342 ἐκ
980 2284 1039 2344 τον·
1057 2285 1200 2367 φρέατος
1215 2275 1335 2363 deciri·

255 2403 366 2457 σασα,
397 2385 430 2444 ἐν
452 2368 476 2468 ᾧ
500 2377 537 2444 τὸ
558 2382 654 2462 σῶμα
675 2379 734 2443 τοῦ
755 2373 975 2460 μνροβλύτον,
1009 2381 1108 2446 θείου
1131 2377 1333 2468 ἅημητρίον,

250 2484 356 2546 ’τοῦτο
383 2505 426 2545 αι
428 2474 508 2559 cestii
506 2477 568 2558 ζον
593 2490 707 2544 κεῖται.
749 2478 862 2540 Pateor
887 2472 968 2540 eninr
994 2476 1109 2562 poetice
1133 2479 1249 2544 elector
1267 2501 1335 2546 erte

253 2585 393 2667 videtur,
422 2605 520 2668 neque
541 2583 634 2647 molta
653 2580 755 2647 eecrria
782 2580 891 2646 darare
910 2580 1042 2645 cadaver
1060 2579 1223 2666 existimo,
1253 2582 1333 2670 qood

254 2690 324 2754 oieo
343 2689 471 2752 innatat.
513 2686 775 2770 Aequieacendttrn
794 2683 826 2749 in
844 2683 1038 2772 timplicitete
1057 2687 1171 2752 voterit
1187 2689 1335 2754 narratio·

256 2795 322 2875 nia,
342 2817 420 2879 quae
440 2791 530 2858 certia
550 2791 733 2879 temporibus
753 2810 892 2874 magnam
911 2789 970 2855 olei
990 2791 1104 2880 copiam
1124 2815 1143 2858 e
1160 2815 1336 2858 monumen·

255 2912 286 2984 to
308 2901 342 2962 S.
360 2896 504 2961 Demetrii
522 2919 660 2964 manasse
676 2894 826 2990 perhibet.
868 2897 915 2964 ne
934 2893 993 2959 hoc
1013 2910 1166 2984 unguento
1186 2896 1237 2968 odi
1258 2919 1335 2982 quo·

258 3025 316 3086 qne
336 3005 429 3071 Corn.
450 3007 569 3090 Dyerrm
589 3002 612 3068 l.
629 3025 657 3068 c.
677 3024 744 3087 cap.
763 3000 806 3066 04
820 3020 888 3084 aqq.
909 3020 942 3085 p.
961 2999 1002 3064 73
1015 3023 1084 3086 sqq.
1131 2999 1252 3068 Deinde
1271 3024 1336 3066 mo·

256 3128 337 3187 neo,
372 3121 492 3191 praeter
520 3110 554 3172 S.
581 3105 766 3171 Demetrium
794 3099 998 3192 myrohlytam
1023 3105 1177 3173 civitatem
1204 3118 1336 3170 nortram

257 3211 398 3273 Sanctam
422 3233 541 3296 quoque
561 3208 767 3298 myrohiytida
785 3206 947 3287 hahuiaae,
984 3208 1104 3274 nomine
1124 3208 1334 3292 Theodoram,

257 3311 328 3377 coli.
350 3315 399 3379 Jo.
417 3317 508 3378 Ana
488 3329 595 3400 grotta
615 3312 647 3384 in
669 3312 839 3379 narratione
859 3313 989 3378 Turcice
1006 3332 1079 3402 cep
1102 3312 1170 3379 loe
1204 3311 1336 3396 Ταύτην

257 3409 318 3508 τ’ὴν
340 3415 488 3500 πονηρὰν
508 3411 725 3496 (nudationem
752 3424 783 3476 et
809 3407 1040 3498 protractionem
1069 3409 1204 3498 corporis
1233 3413 1334 3496 aacri)

256 3490 459 3598 ἐνεδείξαντο
488 3510 621 3600 γνώμην
642 3513 698 3578 καὶ
719 3515 790 3598 περὶ
811 3507 848 3576 τὸ
869 3517 926 3594 τῆς
948 3505 1040 3588 ὁσίας
1061 3513 1116 3577 καὶ
1136 3511 1338 3600 μνροβλύτι-

256 3616 316 3690 ὃος
342 3611 550 3738 &rodopar‘
540 3609 717 3703 captivator·
735 3611 911 3692 λείψανον,
940 3603 1032 3678 decori
1053 3607 1253 3699 ὡςιπιπολῆς
1273 3617 1337 3684 trai-

257 3738 358 3799 μενον
387 3711 555 3806 ἀπεῤῥὶᾳη
582 3739 617 3781 rc
643 3712 730 3780 κατὰ
757 3713 817 3799 γῆς
836 3757 895 3808 ...
929 3714 984 3779 καὶ
1014 3712 1262 3798 κατεθρανσθη
1292 3713 1336 3794 er'c

256 3823 350 3901 μέρη.
373 3817 429 3898 ⁵)'
457 3817 504 3880 Ea
533 3816 644 3879 Sancta
678 3810 863 3902 peroliarem
895 3808 1001 3874 aedem
1029 3808 1098 3877 aire
1125 3813 1338 3881 monarterionr

268 4012 272 4022 ·
293 4005 319 4066 t)
333 4000 369 4055 0.
383 3993 524 4054 Demetrii
540 3998 668 4051 membra
687 3999 782 4066 pott-¹
817 3992 968 4066 priatinam
984 3995 1107 4056 somam
1123 3996 1273 4066 mniuncta
1292 3997 1337 4052 di·

254 4086 374 4140 raodrtra
384 4079 530 4138 acreecia
543 4081 671 4150 collecte,
679 4078 769 4152 inque
816 4079 858 4138 cit
869 4082 1016 4154 Jorephmr
1033 4083 1071 4140 de
1087 4085 1254 4141 Dtmmer
1270 4086 1291 4146 t.
1307 4101 1334 4142 c.
